4338 6240
264 239 317 303 4⁰5

207 333 348 390 Schrader.
367 331 491 400 defensi.
507 353 534 402 p.
553 343 577 386 t.
596 348 620 386 e·
640 344 664 388 t.
683 353 709 388 rt.
733 346 773 390 tt.
792 337 1028 407 infimuernoia.

208 417 260 472 teri
286 418 419 490 principis
447 419 611 489 jungendus,
627 419 674 487 qui
694 420 760 473 baur.
778 433 863 475 artem
881 443 933 479 uou
953 426 1030 480 calie-

208 514 233 558 et
259 502 370 556 enode
394 506 467 558 enim
494 504 627 576 principis
646 502 710 571 adju
738 513 828 558 ectum
848 519 887 560 est
905 528 934 562 ac
954 509 1031 562 iulci-

205 594 344 653 meritum,
361 587 384 642 si
403 590 515 642 consilis
534 607 579 643 sus
600 587 689 656 ignota
710 599 847 651 maneant,
860 591 1027 647 alteriusuu·

205 679 261 725 iem
279 673 385 742 cognita
404 675 468 727 siut.
487 675 565 728 Unde
584 676 622 726 nii
642 672 746 741 ueprius
766 672 834 726 ierre
852 676 937 730 soient
957 681 1027 748 priu-

204 753 295 822 cipes,
319 774 398 826 quens
424 755 446 808 si
467 793 474 818 ,
503 775 568 825 qstae
593 758 757 828 premendo,
777 759 957 813 recluduntur.
978 766 1030 817 lin.

204 834 352 906 Frrysteiu.
370 841 403 893 rie
420 841 561 894 camiliar.
576 860 614 896 en·
637 841 721 896 Tacit.
733 862 756 895 e.
777 854 819 896 tt.
833 844 871 897 De
886 847 974 900 Persis
987 865 1028 902 re·

202 917 256 972 iert
273 920 383 976 Curtius
402 923 447 976 lib.
470 935 493 975 4.
512 943 533 978 c.
561 939 586 979 e.
608 944 637 978 u.
649 938 673 979 t.
685 926 754 996 qnod
770 943 824 980 rem
839 947 959 999 magnum
974 949 1027 987 non

203 1021 280 1076 posse
299 1006 426 1060 sustiueri
448 1009 613 1064 credideriut
630 1011 664 1063 sb
675 1029 722 1076 eo,
736 1011 778 1064 cui
793 1025 876 1066 tacere
889 1031 967 1082 grute
981 1017 1026 1085 sit,

202 1089 273 1158 quod
294 1091 397 1146 bomini
417 1092 576 1148 facillimum
594 1096 705 1150 soluerit
718 1109 822 1160 natiue,
835 1098 898 1150 bine
910 1101 1026 1168 liugnam

204 1173 311 1242 gravius
328 1177 485 1246 castigatim
506 1178 603 1242 inisse,
622 1200 700 1251 quum
719 1183 799 1236 elium
820 1183 955 1254 probrum.
970 1187 1027 1241 imo

202 1275 263 1310 cum
291 1261 349 1314 sint
373 1263 529 1316 consiiisrii
555 1265 688 1336 principis
711 1283 772 1338 pers
798 1269 917 1337 usrporis
935 1272 991 1338 ejus
1008 1272 1027 1325 l.

203 1341 327 1414 quisquis
352 1358 376 1398 t.
398 1365 420 1399 e.
445 1347 462 1398 l.
476 1347 528 1416 jul.
547 1350 614 1416 maj.
640 1369 692 1403 uon
712 1351 764 1405 uisi
783 1371 842 1406 cunt
863 1373 922 1408 soce
950 1355 1025 1426 priu-

200 1433 271 1502 eipis
301 1435 460 1488 voluntatem
486 1449 512 1491 et
539 1448 653 1492 mentem
677 1441 735 1506 ejus
759 1455 892 1508 exponere
917 1439 1024 1492 debent.

201 1515 256 1568 rid.
278 1515 436 1586 Feininger·
454 1520 488 1572 rie
506 1522 604 1576 consil.
628 1529 648 1585 §.
677 1536 719 1575 ts.
740 1524 833 1576 intou.
856 1524 972 1576 Wciier.
991 1524 1024 1578 de

200 1613 299 1652 ossers.
315 1610 387 1661 unrt.
402 1601 487 1669 prior.
505 1621 527 1656 c.
549 1616 574 1654 2.
592 1624 619 1658 rs.
644 1616 685 1657 tt.
705 1605 795 1660 Jacob.
815 1606 839 1658 Ιο
858 1606 922 1659 Bicu
941 1608 969 1662 iu
981 1606 1020 1660 iu·

199 1680 401 1750 struet-sutur-
418 1687 558 1742 cousilior.
585 1686 650 1742 inde
667 1689 828 1753 cardinales,
847 1693 944 1760 quibus
962 1711 1020 1746 corn

139 1789 143 1798 =
200 1765 326 1835 pontifex
343 1771 453 1824 consilis
478 1789 525 1824 seu
542 1775 684 1827 secretoria
702 1778 892 1838 communic-st.
913 1779 961 1832 boc
980 1797 1021 1832 so-

200 1851 285 1905 lemni
305 1854 359 1906 ritu
372 1855 405 1906 tui
418 1857 558 1911 silentium
570 1857 778 1929 uristriuguutnr.
792 1864 854 1916 Dru
870 1863 1021 1918 Curtiiuue·

198 1937 244 1990 leu
270 1939 339 1992 utrd
360 1941 398 1994 im
425 1954 514 1996 ersten
531 1944 671 2010 griseirueu
691 1947 849 2000 eurisistorio
865 1949 914 2001 cler
931 1951 1022 2002 distrui

197 2025 407 2092 veffcdlotreu,
427 2033 488 2083 und
510 2033 538 2086 iu
557 2035 617 2085 dem
639 2033 744 2086 nudem
762 2031 860 2086 wieder
876 2032 1019 2103 gebffnet,

198 2111 252 2166 vid.
272 2119 370 2171 Zeiler.
389 2131 459 2174 cent.
481 2133 503 2172 ⁵.
523 2119 627 2185 epistol.
649 2138 675 2184 p.
695 2130 755 2172 tet.
778 2119 828 2168 Du.
851 2118 967 2174 ilietber.
985 2121 1016 2172 ud

196 2195 305 2255 Besoid.
322 2205 439 2258 thesaur.
455 2214 542 2275 praet.
559 2207 609 2261 rub
622 2221 701 2258 voce.
712 2203 832 2274 gedeime
844 2206 955 2259 iluerie.
972 2207 1021 2258 ite·

195 2284 291 2342 bereut
307 2306 371 2356 erpo
389 2297 416 2342 ct
436 2291 571 2357 principes
590 2287 668 2341 i'tuita
682 2304 833 2341 arcuuornm
847 2291 1018 2342 deliberatio-

194 2387 230 2426 ue
247 2374 376 2425 enutriunt
396 2374 483 2442 digito
501 2385 609 2428 exutum
628 2375 719 2426 oribus
736 2375 947 2428 consiliariorum
961 2394 1020 2430 suo·

199 2473 260 2508 rum
280 2459 440 2522 ntnosere,
459 2469 489 2511 ut
502 2461 620 2511 sanctius
631 2469 729 2512 secreta
743 2473 886 2512 seruarent.
906 2463 960 2513 vici.
970 2463 1016 2516 siu.

203 2539 290 2608 lunge
308 2541 342 2596 rie
360 2543 478 2596 uricistr.
501 2543 617 2611 princip.
641 2554 705 2597 rect.
725 2557 749 2598 ⁵.
769 2543 840 2596 idem
861 2545 1018 2601 incaeteris

196 2626 364 2680 consiliariis
381 2637 410 2680 et
430 2627 582 2682 secretariis
601 2627 735 2694 exigitur3
756 2629 837 2682 Deua
856 2629 905 2682 dur
917 2629 952 2682 ist
970 2631 1019 2685 der

195 2711 269 2766 berte
284 2712 396 2777 Bisom,
413 2731 493 2770 wenc
514 2713 660 2766 consiliarii
680 2714 736 2766 oud
748 2715 880 2767 secretarii
899 2717 942 2768 die
960 2717 1013 2771 He·

194 2797 392 2863 irulicislreitec,
410 2800 537 2852 coldness
557 2808 749 2862 annumeret,
769 2800 887 2870 lefrici
904 2802 1016 2872 versuu-

194 2881 240 2936 leu
258 2884 364 2949 latren,
382 2884 423 2936 uti
443 2901 476 2936 ex
496 2884 567 2946 Troi.
584 2883 714 2935 iioooalin.
727 2903 755 2953 p.
770 2895 791 2938 t.
804 2887 882 2937 reiut.
895 2905 931 2940 ex
946 2893 1017 2942 Pur-

193 2985 270 3022 rtose.
287 2987 309 3022 e.
334 2982 354 3022 t.
374 2969 508 3022 annotavit
525 2968 613 3022 iosias
633 2968 752 3020 Noideu.
772 2968 800 3020 in
818 2985 869 3022 suo
889 2972 1016 3025 Trebatio

191 3069 243 3108 eeu
262 3055 295 3107 cie
314 3049 409 3123 efficio
429 3062 457 3104 et
475 3051 606 3122 dignitate
623 3047 783 3104 consiliarii.
802 3047 825 3120 5.
841 3060 881 3103 ²8.
896 3069 923 3102 u.
939 3063 962 3104 t.
982 3052 1016 3106 Et

191 3138 344 3190 necesariis
363 3138 402 3190 sei
422 3139 510 3207 ipsum
530 3151 627 3188 nornen
647 3133 752 3187 iudicio
770 3151 827 3186 esse
842 3134 965 3200 debebat,
980 3137 1016 3188 si·

190 3223 308 3276 lentium
327 3221 379 3273 sibi
400 3223 581 3289 mesimopere
604 3235 681 3271 curae
700 3235 759 3271 esse
776 3217 887 3283 debere,
908 3229 934 3270 nt
954 3220 1016 3273 iude

190 3308 352 3362 secretarius
376 3307 497 3376 garrulus
518 3299 683 3374 rsdtpiiulcs
703 3301 752 3365 site
774 3319 822 3355 uec
844 3302 917 3356 enisu
937 3302 1013 3356 deoc·

194 3393 239 3446 bnt
257 3395 306 3445 boc
325 3409 382 3444 esse
399 3391 532 3460 linguaces
551 3397 596 3440 snt
614 3387 779 3452 locutuirios.

196 3507 202 3514 ·
231 3479 299 3531 Cum
319 3495 382 3530 sero
399 3475 532 3547 principis
551 3473 615 3526 baec
633 3473 781 3524 combinati
800 3485 861 3523 curn
880 3469 929 3536 sit,
949 3481 1016 3526 utet

190 3581 277 3618 ersuss
298 3563 443 3615 decoratam
464 3571 490 3614 et
509 3560 748 3631 iegibussrmatam
763 3557 855 3610 hubent
870 3557 1015 3627 rempubli-

189 3667 264 3714 cam,
283 3668 325 3714 pr.
341 3665 444 3715 prcern.
470 3646 532 3701 inst.
559 3663 611 3698 uon
638 3641 741 3697 scilicit
759 3641 792 3694 de
811 3641 917 3694 silentio
936 3643 1014 3694 mini-

190 3748 309 3788 strorum
328 3733 450 3786 civilium
470 3749 527 3784 eum
551 3738 653 3783 certum
669 3745 740 3790 esse,
760 3724 805 3778 secl
818 3739 844 3779 et
854 3734 883 3778 ut
901 3725 1014 3779 militine

189 3819 449 3885 succintesignanos
464 3817 574 3870 silentes
586 3815 689 3874 babent,
703 3810 908 3880 proviniensium.
923 3810 1014 3879 Qucu-

187 3919 243 3962 tum
266 3905 369 3968 Belgis.
387 3920 420 3954 ex
438 3912 512 3970 parte
532 3899 611 3950 etiam
631 3895 776 3950 Germanis
795 3891 930 3956 nocuerit,
951 3911 1011 3961 pro·

189 3996 248 4063 pain
262 3994 290 4044 ἱο
307 3989 480 4043 corintiorum
498 3985 670 4045 bellicorum,
688 3979 808 4049 exempla
826 3977 950 4030 moderna
968 3977 1013 4030 nd·

190 4079 243 4131 ituc
263 4086 402 4130 testantur.
426 4078 511 4142 Saepe
529 4069 609 4121 citius
628 4067 704 4118 licuit
720 4064 790 4115 hosti
811 4062 932 4114 rotteiliis
952 4063 1011 4115 iiio·

188 4177 249 4219 emu
270 4176 421 4220 recurrere,
440 4173 517 4224 quam
537 4155 593 4205 iliis
611 4149 724 4202 consilio
741 4147 774 4199 sd
793 4147 915 4199 ellectum
930 4147 1011 4200 desiss-

188 4247 277 4300 eeudo
296 4244 388 4296 saltem
410 4257 516 4293 mnuum
543 4236 688 4288 arlnsniere.
713 4231 813 4282 Noreut
831 4227 919 4281 miuus
937 4246 1012 4296 prce-

190 4332 246 4384 visa
268 4331 335 4384 teias
355 4328 376 4379 si
397 4326 478 4390 scrius,
497 4339 530 4374 cx
549 4338 601 4390 quo
620 4320 677 4369 ioco
694 4313 842 4368 centorius
856 4312 909 4365 tuis
921 4313 1012 4364 immi·

191 4425 251 4468 neat
270 4413 373 4476 bostis,
393 4411 451 4461 sine
471 4405 590 4459 molestis
610 4419 641 4454 eo
660 4401 776 4452 movebis
794 4399 923 4467 elypeum.
941 4397 1012 4450 bini-

191 4509 232 4550 tos
251 4514 314 4549 eune
333 4511 422 4564 regum
442 4493 498 4546 eoin
511 4489 659 4542 silentione
673 4483 813 4538 reticentis
829 4483 1011 4548 consiliorum,

189 4581 362 4635 ieiicissimos
380 4580 441 4631 belii
462 4589 593 4629 successus
612 4580 700 4624 nactos
719 4585 786 4631 esse,
805 4585 882 4620 nemo
901 4567 1011 4635 ignoret.

191 4665 224 4718 Et
243 4667 284 4719 sei
302 4665 422 4717 biarebin
442 4671 504 4714 ante
527 4660 658 4712 bimestre
677 4653 793 4724 eposium
813 4653 913 4704 illustre
932 4652 1011 4719 bujus

190 4751 229 4806 rei
237 4751 309 4803 detis
318 4747 478 4818 exemplum:
488 4746 622 4800 celabutttr
635 4741 762 4795 asircutus
773 4737 1010 4807 brandembtugioi

190 4835 306 4892 militis:
330 4835 472 4894 omni'nts,
498 4835 629 4900 quotquot
646 4826 692 4878 iiis
709 4833 794 4876 cnstru
812 4821 1012 4890 sequebantur,

190 4919 360 4974 severissime
380 4915 527 4969 inhibitum
542 4921 597 4965 erut
610 4911 750 4962 literarum
763 4907 963 4969 commercium,
977 4924 1011 4959 ue

191 5005 375 5066 tantumn,
394 5003 433 5056 rei
457 5017 508 5069 qno
528 4999 645 5052 tenderat
665 4997 764 5048 eiectos·
783 4994 1010 5062 potentissimus,

189 5093 334 5163 quicquam
354 5087 503 5158 perciperct
521 5081 614 5135 bostis.
634 5081 687 5134 iiie
712 5077 822 5132 iuterim
848 5092 954 5129 secsrrus
972 5077 1010 5129 ri-

189 5195 269 5238 nens,
287 5174 371 5228 citius
389 5171 445 5224 iere
464 5187 492 5222 se
509 5168 670 5220 debellatum
687 5164 784 5227 seruit,
798 5179 877 5231 quem
893 5159 1013 5214 erlvenis-

190 5275 220 5315 ι.
238 5263 375 5312 electorem
394 5253 518 5309 credidit.
540 5251 609 5304 Adeo
629 5247 718 5300 iuciiis
738 5244 789 5298 init
807 5245 841 5296 de
859 5259 953 5296 securo
967 5244 1012 5296 bo·

192 5354 235 5397 ste
262 5341 391 5403 victorin,
416 5355 513 5408 qrsem,
537 5334 559 5386 si
586 5347 684 5399 currus
702 5329 877 5380 consiliorum
898 5325 1012 5391 inisset,

190 5447 247 5483 nou
267 5429 326 5480 siue
339 5421 541 5478 evidentissimo
552 5419 668 5492 periculo
680 5415 782 5470 atnrtrt
798 5415 926 5468 licuisset.
941 5415 1012 5466 ideo

191 5514 286 5580 perant
305 5526 397 5562 arcanc
415 5505 544 5564 consilis.
563 5511 588 5556 et
599 5501 683 5556 armis
697 5499 797 5567 prande
813 5499 936 5551 tribuunt
955 5515 1011 5549 mo·

121 5593 155 5639 ¹³
194 5605 328 5650 mentum.
347 5593 408 5647 lion
428 5614 441 5647 s
460 5592 564 5645 ratione
582 5595 712 5641 remotum
726 5584 833 5637 Caecilii
848 5581 953 5636 Metelli
972 5599 1015 5635 rc·

190 5697 321 5756 sponsum
347 5679 414 5749 icit,
433 5675 525 5732 nusioo
550 5671 654 5728 cuidam
681 5673 789 5739 dunum
809 5685 868 5726 eum
888 5669 962 5725 euius
982 5666 1011 5720 iu

707 235 756 290 stt
774 240 947 298 PERSONiS
967 242 1016 298 di)
1036 245 1191 303 Sibiiti'iti
1209 248 1332 310 ntuetr.
1351 270 1410 313 erc.

1796 263 1848 328 lcii

1082 345 1150 399 bello
1168 349 1257 402 omnin
1279 357 1370 424 propri
1408 375 1437 410 tte
1455 357 1544 410 subito
1561 357 1675 412 eotssiiio
1693 370 1797 429 egeret,
1815 363 1902 418 sscien

1083 434 1277 502 interroganti,
1296 439 1423 507 qstidnam
1450 443 1502 508 ism
1522 454 1627 495 acturus
1644 457 1715 497 essct
1733 455 1794 514 post
1814 447 1901 500 Abra·

1082 515 1145 568 rhos
1165 519 1193 569 iu
1212 521 1370 576 biecedonic
1384 524 1525 578 subactos?
1544 527 1686 591 Tunicam,
1701 526 1798 595 iniquit,
1812 547 1903 582 urenae

1082 619 1239 670 reticerem,
1262 606 1289 658 si
1310 626 1372 660 eum
1382 608 1493 660 consilii
1503 609 1558 662 mei
1567 627 1686 680 guarum
1699 611 1900 678 existimarem,-

1078 685 1181 754 optisne
1200 689 1270 740 enim
1292 692 1409 754 censuit,
1427 709 1481 744 nou
1504 701 1605 746 temere
1629 694 1712 746 animi
1735 695 1817 747 nostri
1838 715 1901 765 pro·

1080 771 1195 838 positum
1214 771 1389 826 eiiutiendum
1409 792 1466 828 esse
1483 777 1625 840 omnibus,
1644 775 1690 830 sed
1710 777 1843 830 silendum
1865 782 1899 834 sci

1079 864 1260 923 opportunum
1280 875 1361 926 nsque
1380 867 1483 928 tempus
1503 859 1573 912 utto.
1590 863 1624 913 de
1648 862 1690 914 cir
1711 861 1841 920 illumne.
1855 880 1895 920 ttt.

1080 939 1223 991 Silensium
1242 953 1326 995 autern
1346 941 1411 994 iilud
1431 943 1550 994 militare
1568 944 1597 994 iu
1612 945 1654 995 bis
1667 949 1805 1016 praecipue
1819 967 1900 1002 merrt-
1939 940 1968 988 Η

1080 1021 1137 1074 bris
1155 1023 1276 1077 corssistit
1293 1025 1346 1096 (t)
1364 1035 1393 1077 ut
1411 1025 1483 1076 nulia
1501 1027 1605 1078 ratione
1617 1027 1901 1090 literuscomutuuicet

1078 1123 1137 1158 cum
1159 1109 1249 1172 hoste,
1268 1125 1313 1161 seu
1332 1118 1362 1160 nt
1380 1111 1542 1178 loquuntur,
1560 1113 1819 1180 correspondentiam
1837 1136 1899 1174 curn

1080 1192 1138 1258 ipso
1159 1189 1269 1256 bubeet,
1293 1191 1363 1260 quod
1390 1195 1439 1244 sub
1458 1211 1540 1262 poena
1559 1195 1655 1264 cupitis
1674 1199 1838 1266 prohibitum
1859 1205 1898 1258 tm

1077 1276 1471 1347 Girsu-Bruudertburgisciteu
1499 1277 1726 1344 Krieges-iiecdte
1752 1285 1829 1340 artic.
1856 1300 1898 1342 tt.

1078 1362 1192 1416 welclter
1206 1359 1338 1431 llsficirer
1349 1363 1416 1416 oder
1426 1363 1525 1418 sotdnt
1537 1363 1585 1415 ruit
1597 1366 1656 1417 dem
1670 1368 1791 1430 Feinde.
1805 1389 1835 1424 es
1850 1391 1899 1444 ses

1077 1444 1163 1496 sacar
1172 1447 1238 1498 oder
1248 1444 1427 1514 rcltrifflliclt‚
1441 1465 1477 1501 nu
1490 1464 1545 1502 war
1560 1450 1610 1501 Ort
1621 1449 1690 1503 oder
1700 1454 1781 1508 Stelle
1794 1473 1822 1508 es
1832 1459 1898 1510 wol-

1076 1530 1115 1592 le,
1137 1529 1372 1598 correspondiret,
1397 1531 1453 1582 soll
1474 1549 1520 1584 usu
1545 1533 1635 1584 beten
1647 1534 1777 1604 gestrnffr
1791 1543 1895 1595 euertisse

1076 1616 1144 1684 quod
1167 1615 1247 1669 sntdto
1275 1615 1359 1682 nsagis
1377 1617 1497 1680 obtinet,
1523 1619 1546 1668 si
1565 1635 1596 1668 ex
1617 1620 1681 1672 iocis
1698 1623 1814 1676 obsessis
1832 1645 1895 1682 cum

1075 1702 1149 1753 hoste
1168 1700 1414 1771 correspondentur,
1441 1701 1485 1752 siu.
1514 1703 1634 1756 Dietbcr.
1658 1705 1691 1758 cd
1712 1706 1815 1761 Besoisl.
1835 1715 1893 1766 tite·

1070 1803 1144 1840 saur.
1157 1797 1242 1852 praet.
1255 1803 1311 1838 soc.
1328 1785 1552 1854 correspondente.
1574 1789 1625 1856 Qui
1647 1789 1719 1841 euim
1740 1793 1833 1845 literas
1852 1798 1892 1849 sel

1072 1872 1196 1925 nuncium
1216 1871 1282 1922 isoti
1304 1870 1403 1931 mittit,
1423 1871 1544 1940 proditor
1562 1883 1690 1927 censetur.
1705 1876 1781 1929 Cossi.
1797 1879 1892 1934 Scitrs-

1071 1958 1127 2010 tlcr,
1144 1956 1177 2010 tie
1193 1954 1329 2026 jucfiud.
1340 1973 1366 2020 p.
1380 1967 1404 2004 s.
1418 1974 1481 2024 cop.
1494 1970 1517 2009 t.
1531 1976 1559 2010 rt-
1574 1969 1616 2010 tt.
1630 1958 1741 2012 iiieron.
1760 1961 1843 2028 Gigas
1858 1975 1892 2016 tr.

1069 2043 1146 2096 crim.
1157 2042 1225 2095 laer.
1240 2039 1343 2107 majest.
1358 2037 1457 2091 rrtdrt'e.
1477 2040 1510 2093 de
1528 2041 1722 2102 proditoribus.
1737 2063 1763 2096 a.
1782 2057 1824 2096 tn.
1836 2046 1891 2115 (2.)

1070 2127 1105 2178 Ut
1132 2141 1181 2178 nec
1202 2125 1279 2176 verba
1304 2139 1362 2176 cum
1388 2124 1463 2174 isnste
1487 2121 1620 2186 waterus,
1648 2123 1701 2176 sid.
1729 2127 1776 2178 des
1796 2131 1889 2182 ttoem.
1929 2149 1958 2191 η

1071 2211 1168 2264 Ileiciss
1187 2207 1547 2275 Fursknecltts-Bestniiuug
1572 2207 1649 2260 artic.
1666 2221 1705 2260 tt.
1718 2208 1768 2278 (s.)
1816 2222 1890 2265 tnee
1929 2232 1959 2275 η

1068 2296 1182 2346 ciumore
1201 2310 1248 2346 nec
1264 2293 1419 2362 explosioue
1437 2292 1544 2360 sclopeti
1564 2293 1669 2360 siguum
1686 2293 1754 2345 boeti
1769 2297 1821 2348 det.
1835 2297 1888 2348 rid.

1071 2379 1275 2433 urtinmiiitur.
1300 2375 1533 2446 reguiDnu.art.
1548 2385 1590 2428 ts·
1615 2377 1667 2445 (4.)
1686 2379 1721 2428 t‘s
1743 2377 1823 2431 iscius
1842 2381 1888 2432 bo·
1928 2395 1956 2439 tt

1068 2464 1150 2516 stium
1170 2463 1319 2526 reintiones,
1337 2458 1433 2530 quibus
1454 2469 1540 2512 terror
1554 2460 1686 2512 militibus
1699 2461 1778 2513 incuti
1794 2463 1887 2531 possit,

1069 2545 1177 2600 siieutio
1197 2555 1274 2614 tegat.
1287 2554 1338 2598 nrt.
1353 2554 1394 2596 tt.
1407 2541 1521 2609 reipubl.
1533 2544 1597 2597 elan.
1613 2541 1663 2613 (t.)
1682 2546 1820 2599 Tesseram
1836 2547 1889 2600 sni·

1069 2633 1172 2686 litusens
1198 2631 1246 2683 sub
1264 2647 1346 2700 poene
1372 2627 1467 2697 capitis
1491 2627 1600 2680 silentio
1619 2641 1736 2698 premnt,
1756 2639 1782 2684 et
1801 2633 1887 2685 nuile·

1070 2725 1146 2768 teuus
1163 2716 1265 2766 reiciet.
1284 2711 1337 2764 rid.
1356 2711 1514 2764 Brouuenb·
1534 2711 1711 2782 Kriegsrecdt.
1725 2722 1776 2765 art.
1792 2723 1833 2766 44.

1105 2802 1167 2853 i'ost
1184 2797 1285 2850 milites
1309 2793 1341 2846 ud
1364 2796 1503 2847 silentium
1528 2793 1637 2864 obligati
1664 2806 1726 2847 suut
1745 2799 1885 2868 speciatim
1926 2825 1954 2869 η

1068 2883 1189 2948 vassalli,
1214 2881 1310 2952 quibus
1333 2879 1524 2948 sitsguiariter,
1545 2897 1577 2933 ne
1596 2881 1757 2934 credentiam
1778 2883 1884 2936 domini

1070 2965 1255 3029 maniicstent,
1274 2964 1413 3031 substravi
1433 2981 1515 3034 pnesm
1535 2963 1683 3032 iniunctum
1705 2975 1726 3016 t·
1735 2963 1767 3034 Ι
1784 2978 1823 3018 tt.
1837 2971 1885 3021 Re·

1067 3051 1193 3120 guiariter
1211 3049 1282 3101 euius
1309 3047 1364 3117 ipsi
1382 3049 1485 3101 vassalli
1504 3057 1569 3132 suup
1586 3048 1699 3108 milites,
1720 3049 1783 3103 iiiuc
1802 3053 1883 3106 miles

1067 3157 1115 3210 pro
1133 3136 1242 3190 vassallo
1266 3136 1323 3199 inre
1342 3133 1439 3186 ietstluii
1457 3135 1634 3204 exprimitur,
1659 3148 1678 3188 t.
1687 3133 1719 3204 Ι.
1739 3148 1782 3190 tt.
1802 3155 1843 3205 pr.
1858 3149 1885 3192 et

1068 3233 1090 3288 §.
1101 3220 1196 3292 siquis
1209 3219 1292 3272 miles.
1306 3228 1333 3270 et
1351 3231 1371 3271 t.
1375 3217 1406 3284 s
1422 3229 1462 3272 tt.
1472 3221 1561 3273 Struv·
1571 3218 1792 3290 5yutu.rn.seud.
1804 3240 1826 3276 r.
1843 3237 1884 3278 to.

1066 3316 1087 3372 §.
1107 3319 1171 3359 't.u·
1184 3318 1204 3359 t.
1219 3313 1245 3356 et
1264 3301 1296 3354 sd
1317 3303 1459 3356 minimum
1481 3303 1595 3356 miiitiae
1615 3304 1716 3355 iutuitu
1733 3304 1807 3358 leuda
1820 3305 1884 3359 ‹lett-

1068 3408 1122 3456 tur,
1142 3399 1172 3443 ut
1189 3389 1313 3442 eustatius
1332 3387 1470 3438 dominnm
1491 3386 1518 3438 iu
1540 3388 1608 3440 bello
1627 3389 1697 3451 iuret
1718 3399 1742 3439 t.
1751 3387 1782 3460 s.
1797 3403 1820 3440 r.
1836 3393 1884 3445 Ρ..
1923 3387 1952 3430 ¹⁹

1065 3477 1133 3528 riter
1149 3483 1177 3525 et
1195 3472 1365 3524 mirmillonum
1384 3468 1539 3539 quandoque
1558 3469 1707 3523 redduntur
1725 3476 1884 3545 participes,

1067 3561 1106 3613 uti
1124 3557 1212 3627 cupite
1234 3552 1408 3625 praecedente
1433 3554 1549 3617 dictum,
1569 3553 1632 3606 bine
1649 3557 1763 3622 justum.
1787 3571 1815 3611 ut
1834 3578 1884 3628 pro

1065 3641 1198 3699 beuelicio
1214 3649 1321 3710 eccepto
1339 3637 1432 3690 fideles
1450 3656 1479 3692 se
1502 3639 1664 3701 exhibeant:
1688 3637 1804 3696 institas
1823 3663 1885 3697 sero

1066 3731 1124 3784 siue
1142 3726 1252 3780 silentio
1270 3727 1341 3776 uuila
1361 3723 1420 3778 erit.
1441 3725 1480 3775 bu
1501 3735 1588 3776 tamen
1608 3728 1716 3793 penitus
1736 3727 1806 3780 nibil
1827 3745 1884 3782 tas·

1065 3815 1129 3867 salio
1149 3811 1182 3864 de
1198 3809 1320 3872 consiliis
1340 3807 1442 3860 domini
1463 3807 1535 3877 iopui
1556 3809 1648 3872 licent,
1669 3809 1712 3859 bio
1726 3809 1816 3864 dicere
1829 3831 1883 3866 uon

1064 3893 1340 3965 auticipsisimus,se‹i
1361 3893 1448 3963 potius
1466 3894 1587 3962 sequenti
1608 3895 1691 3962 cupiti
1712 3912 1883 3951 reservamus.

1097 3981 1215 4033 Ulterius
1233 3977 1366 4038 usis-ocuti,
1384 3987 1517 4046 tamqnam
1534 3986 1634 4045 togstuc
1650 3979 1762 4033 miiitiae
1773 3983 1883 4047 milites,
1922 3979 1953 4024 ²⁰

1064 4064 1103 4116 uti
1121 4060 1310 4114 describuntur
1328 4059 1357 4114 iu
1371 4061 1389 4112 l.
1408 4071 1445 4113 tt.
1458 4079 1482 4113 c.
1495 4061 1527 4113 de
1538 4061 1661 4114 aduocat.
1689 4063 1790 4116 divers.
1797 4065 1883 4134 judic.

1062 4151 1095 4204 ud
1114 4147 1252 4200 silentium
1272 4147 1413 4199 clientibus
1432 4148 1488 4199 suis
1500 4159 1563 4200 sunt
1575 4148 1702 4216 otsttgatie
1717 4165 1810 4218 exque
1823 4171 1883 4206 cett-
1922 4159 1950 4203 ii

1063 4251 1090 4286 sc
1109 4235 1243 4284 cdsoeauss
1268 4241 1356 4285 cotnra
1383 4232 1506 4285 clientem
1529 4232 1602 4285 testis
1621 4233 1731 4304 produci
1753 4253 1804 4286 uon
1823 4247 1885 4304 pot-

1062 4327 1112 4370 est.
1131 4318 1148 4367 l.
1162 4313 1255 4382 ulcff.
1274 4316 1307 4367 ‹ie
1319 4313 1405 4368 tertii.
1419 4311 1481 4384 cap.
1494 4315 1521 4368 si
1532 4324 1619 4370 testes.
1635 4329 1658 4370 t.
1672 4333 1746 4372 caus.
1763 4329 1785 4368 4.
1801 4341 1844 4389 qu.
1862 4334 1885 4376 s.

1064 4400 1144 4467 Cujus
1163 4398 1201 4452 rei
1221 4398 1300 4450 eiiam
1315 4399 1422 4469 quidem
1438 4401 1564 4454 rationem
1580 4401 1670 4454 reddit
1685 4401 1811 4473 Carpion.
1821 4423 1887 4472 pro-

1062 4499 1128 4538 cert.
1146 4482 1187 4534 u't.
1215 4497 1253 4535 tt.
1277 4495 1329 4537 nrt.
1345 4497 1368 4536 t.
1382 4503 1410 4536 rt·
1425 4496 1466 4538 ts.
1483 4485 1553 4555 quod
1574 4487 1673 4540 scilicet
1693 4488 1832 4541 univocatus
1850 4490 1885 4542 ob

1062 4568 1229 4622 commodum
1246 4583 1279 4621 ex
1299 4582 1375 4623 ccum
1394 4578 1529 4638 speratum
1549 4573 1693 4640 repeilatur
1713 4574 1887 4640 testimouioe

1064 4658 1103 4708 rei
1122 4653 1202 4708 etiam
1222 4663 1382 4724 propterea,
1401 4654 1470 4724 quoti
1490 4652 1656 4708 effectionem
1675 4659 1709 4708 ati
1724 4673 1827 4710 eausam
1843 4659 1889 4712 bu·

1064 4740 1139 4802 beat,
1158 4737 1243 4807 qualis
1263 4735 1368 4792 allectio
1388 4739 1570 4791 testimonium
1590 4738 1678 4793 reddit
1696 4751 1849 4811 suspectum
1864 4762 1887 4798 c.

1065 4823 1110 4874 ult.
1123 4824 1156 4875 rie
1168 4819 1254 4873 tertiis.
1267 4821 1295 4873 in
1312 4831 1365 4872 tto.
1379 4819 1501 4890 Cstnpeg.
1517 4819 1550 4874 de
1560 4821 1648 4876 testib.
1662 4839 1716 4892 reg.
1733 4837 1796 4881 ttt.
1812 4826 1887 4880 Fari-

1064 4923 1120 4958 usc.
1138 4926 1163 4977 q.
1189 4918 1231 4957 to.
1260 4923 1288 4956 u.
1318 4915 1373 4956 tet.
1395 4905 1492 4956 Verum
1513 4907 1535 4958 si
1554 4907 1677 4975 quaestio
1697 4921 1833 4962 moneatur
1851 4911 1884 4965 ‹le
1927 4939 1958 4984 η

1065 4989 1136 5051 iilis.
1154 4989 1200 5058 qui
1220 4985 1344 5041 sslvocato
1362 5008 1375 5041 s
1394 4989 1494 5042 cliente
1515 5006 1562 5043 suo
1581 4993 1749 5055 concredita,
1771 4993 1852 5062 (sire
1867 4995 1889 5050 si

1064 5073 1162 5125 nndmc
1180 5069 1271 5124 debeat
1290 5071 1396 5123 clientis
1411 5072 1451 5124 sui
1467 5073 1588 5138 iuterna,
1607 5088 1631 5128 et
1644 5088 1742 5128 secreta
1762 5095 1854 5131 causae
1866 5101 1892 5132 u-

1065 5158 1169 5226 perire‚
1188 5156 1228 5208 uti
1249 5154 1363 5224 loquitur
1381 5157 1421 5208 lc.
1441 5155 1470 5208 itt
1484 5157 1501 5209 i.
1516 5171 1538 5209 t.
1551 5155 1575 5228 5.
1593 5157 1661 5227 effi
1673 5158 1705 5212 sie
1717 5177 1771 5212 rec.
1784 5162 1892 5233 ordire.)

1065 5241 1100 5294 ob
1118 5239 1220 5293 silentii
1240 5237 1337 5303 iidem,
1357 5239 1390 5292 ad
1407 5259 1484 5309 quam
1498 5240 1639 5295 advocatus
1652 5245 1696 5296 taii
1711 5261 1771 5297 casu
1785 5257 1825 5298 est
1838 5248 1889 5300 ob·

1065 5325 1191 5388 strictus,
1214 5322 1396 5376 testimouium
1416 5323 1481 5377 iliud
1493 5343 1545 5378 non
1559 5325 1751 5380 cdmittcndum
1766 5327 1891 5386 dicerem.

1067 5409 1153 5474 conge
1170 5405 1242 5459 enim
1264 5406 1316 5459 siin
1343 5407 1411 5460 ustio
1428 5408 1512 5462 estin
1531 5409 1643 5462 seientia
1662 5411 1787 5472 urirocnti,
1807 5434 1886 5481 qnam

1067 5502 1127 5545 ente
1144 5491 1359 5554 advocationem,
1379 5493 1418 5545 sei
1437 5493 1517 5546 etiam
1538 5505 1669 5562 posterum
1689 5495 1796 5546 aliunde
1816 5497 1890 5552 ciere

1065 5581 1233 5625 cotrtrorersa
1259 5571 1368 5633 imbuit:
1393 5585 1419 5627 et
1439 5575 1485 5627 iiia
1504 5575 1632 5638 scientia,
1651 5597 1728 5648 qaam
1750 5579 1827 5630 babet
1849 5597 1884 5632 ee

1067 5656 1174 5712 elieutis
1192 5658 1233 5712 sui
1252 5657 1305 5712 sibi
1325 5668 1426 5712 secreto
1444 5669 1470 5714 et
1489 5655 1656 5714 confidenter
1674 5661 1739 5717 lucto
1759 5663 1889 5719 relations
