4328 6270
212 269 263 343 sn,
495 263 545 320 or
562 263 653 320 tona
672 261 931 322 raasutsronts
949 263 1054 318 ctaca
1075 265 1235 328 osrrnts
1254 266 1498 326 rotunrtres.
1740 272 1791 324 ao

154 366 325 423 manaim,
344 369 402 422 vot,
424 379 446 421 ι,
465 379 541 419 ms,
569 375 611 416 aa,
637 379 666 414 η,
695 365 742 408 tte
762 369 862 410 metum
887 370 974 413 antem
1034 359 1150 426 Titiam,
1169 361 1195 413 si
1216 363 1317 416 Meuius
1336 363 1421 416 uolet.
1438 366 1496 426 cels¹
1512 381 1549 418 eo·
1567 383 1622 434 quc
1640 373 1719 434 purte
1739 363 1845 420 discisis

152 451 263 526 probari
286 469 321 504 ex
344 454 429 506 nimia
455 449 602 504 reverentia
629 445 767 507 maritali,
791 454 819 496 et
846 445 979 498 siminus
1026 445 1122 510 uolet,
1141 463 1177 497 en·
1201 447 1296 498 eodem
1319 457 1397 515 purte
1420 449 1521 502 Titium
1547 447 1670 501 instituto
1690 449 1843 504 liueredem.

154 538 196 591 rel
223 535 334 591 verbera
366 544 570 606 praecesserunt
594 542 681 584 actum
708 529 842 591 testandi,
867 539 978 583 testatur
1030 530 1182 583 Prohibitae
1201 543 1284 583 sanem
1301 543 1362 584 sunt
1375 533 1506 599 ejusmodi
1521 533 1704 586 institutiones
1717 551 1769 586 noo
1782 551 1846 604 pro-

157 619 229 674 aare
251 621 290 676 ad
307 622 325 673 l.
345 639 392 675 no.
411 629 432 684 §.
451 637 521 690 quoe
540 614 746 670 exonerandae·
756 610 799 681 Ι
811 629 927 680 quonam
939 631 978 665 re·
1027 624 1112 682 pterea
1130 613 1199 684 quod
1218 617 1273 666 sint
1290 615 1467 684 captaturos,
1486 615 1530 668 sed
1550 617 1665 678 exinde,
1683 620 1752 688 qtsod
1772 619 1843 683 judi·

79 716 121 760 ⁸¹⁸
164 721 227 758 rum
245 704 394 761 actiones
413 705 495 758 datur
513 699 800 754 n.-t.llacoccasione
817 700 977 765 qusicon-
1029 697 1068 750 oia
1084 698 1288 750 bomioomnoo
1309 697 1557 768 debcmstexpresse
1574 699 1720 770 dependere
1734 701 1767 753 ab
1778 703 1843 755 alie·

165 793 214 861 jux
235 789 398 858 importunis
416 787 506 841 mariti
526 781 757 838 sollicitationibus
780 779 918 848 delatigata
937 795 979 832 eo-
1028 797 1063 831 nc
1076 781 1196 833 arbitrio.
1210 782 1227 832 l.
1241 799 1403 852 nonnunpn.
1424 793 1465 834 ss.
1482 782 1515 850 Ι.
1533 783 1664 836 ἄιίοιιᾶ.
1683 796 1710 837 et
1726 785 1840 838 demon·

167 891 224 927 sam
251 873 366 944 notarioj
383 883 411 924 et
437 872 549 926 testilus
573 867 605 918 de
631 865 704 918 bisce
729 862 977 932 importunitatibus
1026 873 1105 916 strat.
1123 864 1195 918 Licet
1213 866 1287 917 tacite
1307 865 1423 934 possint,
1440 883 1499 918 cam
1520 868 1599 920 multa
1618 885 1741 940 expressa
1761 885 1838 922 ocoe-

158 966 302 1027 conquesta
323 956 379 1018 sit,
398 965 423 1008 et
442 963 600 1026 protestata,
619 967 647 1004 se
665 968 718 1002 oon
738 965 782 1000 sua
800 957 913 1017 sponte,
932 949 976 1000 sed
1027 957 1087 1008 ant,
1106 967 1158 1000 tion
1183 965 1309 1017 expressa
1328 966 1381 1000 non
1400 953 1565 1004 ocemund.
1583 953 1838 1004 acarnanum

155 1041 197 1094 ast
218 1040 310 1093 minas
330 1040 420 1090 mariti
448 1045 634 1090 tentamentum
659 1033 827 1088 conditurum
847 1047 924 1094 esse,
943 1051 976 1084 an
1030 1032 1173 1084 neotericis
1191 1031 1439 1085 arridetsenteotia
1457 1032 1520 1096 illa,
1541 1048 1577 1084 sc.
1596 1033 1769 1102 captatorium
1799 1032 1842 1084 io·

161 1121 300 1190 q'usroodi
314 1121 466 1193 protestatio
484 1117 837 1182 alliciat,nttestamentum
856 1115 976 1169 corruo?
1033 1116 1199 1168 stitutionem
1225 1133 1302 1178 esse,
1327 1133 1393 1186 quae
1417 1114 1524 1186 qnidam
1550 1119 1631 1168 etism
1658 1117 1686 1168 in
1711 1128 1843 1170 secretum

161 1207 277 1260 Videtur
294 1205 436 1259 (licendum
458 1203 525 1274 quod
551 1220 622 1264 oon,
638 1217 697 1252 cum
724 1197 879 1268 protestatio
903 1209 976 1267 parte
1028 1199 1133 1250 alienae
1158 1199 1294 1252 voluntatis
1319 1196 1474 1263 confertur,
1493 1199 1544 1253 sub
1562 1216 1608 1268 spe
1628 1201 1842 1254 tamenalterins

159 1289 269 1346 adsensa
287 1289 368 1342 citata
388 1300 414 1342 et
430 1298 567 1360 praesente
585 1282 645 1337 lieri
666 1283 767 1335 debeat·
788 1285 887 1336 Verum
901 1279 975 1334 aibr·
1028 1283 1214 1336 institutionis
1238 1284 1431 1335 haereditatem
1460 1283 1533 1334 illius
1557 1283 1689 1351 capiendi.
1709 1284 1747 1336 lta
1767 1287 1841 1338 enim

155 1375 258 1430 mutire
276 1373 329 1426 boe
350 1372 437 1443 ipsum
456 1371 573 1431 limitat,
592 1367 661 1438 qttosl
681 1384 741 1418 non·
752 1365 876 1438 procedat
888 1367 916 1418 iu
930 1367 974 1430 iis,
1024 1367 1135 1420 habetur
1154 1368 1181 1419 in
1196 1365 1490 1440 Ssnopsslluosltsada,
1501 1367 1547 1420 tit.
1562 1368 1660 1421 tntis.
1684 1381 1705 1421 t.
1716 1385 1777 1435 cup.
1794 1385 1835 1424 sa.

158 1476 226 1532 quse
244 1477 260 1511 a
280 1474 352 1511 merc
373 1457 545 1526 protestantis
569 1451 720 1524 dependent
744 1450 878 1513 arbitrio,
897 1459 926 1501 ut
944 1449 973 1500 in
1024 1453 1055 1502 αι’
1068 1453 1148 1516 χάριν
1162 1451 1343 1512 dracoaldo-sc
1354 1451 1474 1510 unuani.
1488 1467 1510 1504 e.
1525 1469 1550 1521 g.
1563 1453 1610 1506 Ex
1622 1471 1683 1520 quor
1692 1464 1772 1521 porta
1794 1457 1840 1507 Τι’.

156 1538 202 1596 liis
219 1559 272 1595 noo
292 1539 445 1610 requiratur
471 1537 622 1609 praeseutia
640 1533 794 1587 adversarii.
813 1533 884 1585 Birt.
903 1533 941 1585 uel
957 1535 973 1584 t.
1023 1535 1076 1588 tius
1094 1555 1137 1588 me
1154 1536 1297 1590 haeredem
1321 1533 1434 1599 scribit,
1454 1555 1492 1590 ea*
1509 1555 1541 1588 eo
1558 1546 1638 1605 porte
1657 1539 1838 1592 haereseum

157 1619 224 1691 Η·
244 1635 331 1680 ''lit'‘e
348 1624 416 1693 elui·
438 1637 461 1678 ⁶·
482 1641 511 1676 tt·
534 1617 624 1688 lbff·
644 1637 704 1672 πον.
731 1636 773 1686 ορ·
799 1636 880 1670 nunc.
904 1617 972 1670 Nartt
1025 1619 1183 1685 Reqttiritur
1201 1631 1305 1682 autent,
1325 1629 1354 1672 ut
1372 1621 1401 1671 in
1420 1619 1837 1682 iuturum‘oont'cratinstitutio·
1913 1627 1915 1638 '

155 1708 316 1782 protestatio
334 1716 470 1760 conserant
487 1707 538 1773 jus.
559 1702 666 1755 Barbas.
678 1702 696 1754 t.
714 1708 754 1754 tt.
773 1717 832 1768 cop.
854 1711 972 1754 tussam.
1024 1717 1103 1763 nem,
1123 1719 1174 1752 non
1190 1703 1217 1753 in
1231 1704 1399 1772 praeteritum
1410 1743 1419 1768 ,
1439 1705 1488 1756 hue
1507 1704 1582 1756 enisa
1595 1721 1654 1756 caso
1670 1723 1721 1758 oon
1736 1718 1831 1761 estuat

159 1806 185 1847 s.
205 1789 271 1842 Cum
292 1789 365 1842 enim
387 1789 416 1842 in
436 1788 553 1840 totamm
573 1783 677 1854 concipi
697 1784 812 1848 debeat,¹
825 1782 975 1835 ideoaetns
1021 1785 1135 1854 ptatoeia
1154 1787 1291 1850 voluntas,
1304 1787 1580 1842 seducmnneratorla.
1591 1790 1610 1839 l·
1624 1804 1664 1842 tt.
1667 1787 1709 1858 ff
1724 1789 1755 1842 de
1767 1793 1833 1844 does

155 1875 210 1928 sibi
230 1873 377 1928 contrarios
400 1871 490 1926 reddit
513 1871 608 1922 nullos.
634 1869 758 1920 nunna..
777 1867 811 1921 ds
834 1878 894 1922 orte
914 1877 972 1920 test.
1025 1865 1082 1916 red·
1100 1864 1164 1917 inst.
1179 1878 1207 1918 ut
1220 1867 1242 1918 si
1258 1867 1359 1920 dicam:
1380 1887 1416 1921 en
1434 1889 1486 1938 qua
1503 1882 1584 1939 purte
1606 1873 1693 1927 Titios
1711 1891 1754 1926 me
1772 1875 1838 1929 noes

155 1967 232 2012 aaut.
262 1967 305 2008 st.
330 1975 358 2008 ιι.
388 1967 412 2008 t.
435 1955 599 2025 praeprimis
618 1953 667 2004 boo
685 1953 771 2024 ipsum
792 1952 930 2022 procedit,
950 1953 971 2004 si
1021 1951 1111 2001 redens
1130 1948 1267 2012 instituit,
1287 1970 1324 2004 eoe
1342 1953 1438 2007 eodem
1464 1954 1561 2008 learns
1583 1968 1648 2010 esto.
1668 1960 1725 2012 lloc
1748 1972 1845 2014 sotem*

156 2041 308 2098 formidine
323 2038 435 2108 quadarn
455 2037 605 2106 compulsa,
624 2045 715 2104 aperte
733 2035 832 2088 tutast-
844 2036 971 2100 noluerit,
1022 2047 1082 2082 noo·
1092 2034 1183 2084 saltem
1203 2035 1323 2104 procedit
1340 2035 1378 2088 in¹
1388 2036 1569 2102 institutione,
1584 2039 1627 2093 sed
1641 2042 1720 2094 etiam
1734 2045 1761 2094 in
1775 2047 1837 2097 suls·

7 2127 8 2130 ’
72 2148 114 2190 &a
156 2145 214 2195 arg.
232 2126 251 2177 l.
272 2135 296 2176 ι.
313 2123 346 2176 de
365 2121 408 2174 ltis
425 2122 474 2193 qui
487 2131 575 2190 propt.
601 2128 662 2172 utet.
683 2119 742 2188 jud.
762 2117 833 2187 Quid
853 2119 972 2187 siplaoe
1021 2115 1161 2168 stitutione
1173 2117 1261 2186 ,quia
1281 2117 1435 2172 substitutio
1448 2123 1613 2174 estsecunda
1631 2123 1797 2180 institutiol.
1813 2143 1834 2184 n

156 2205 311 2264 condiderit
331 2213 521 2258 testamentum·
540 2205 637 2254 marlto
663 2201 769 2263 inscio,
787 2203 815 2252 io
832 2218 884 2270 qsso
902 2203 970 2252 insi·
1010 2197 1053 2266 Ι.
1065 2202 1097 2252 de
1116 2201 1186 2269 vulg.
1205 2211 1233 2252 et
1245 2203 1329 2270 pupil.
1347 2203 1451 2256 assistit.
1473 2203 1511 2256 An
1530 2207 1701 2262 antem·baeo
1719 2211 1837 2267 solatum

155 2294 212 2350 saul
231 2291 269 2344 de
283 2287 380 2343 nimiis
399 2287 489 2340 mariti
509 2285 727 2358 persuasionibus
749 2293 898 2352 conquesta·
915 2287 972 2352 sit,
1021 2284 1164 2352 captatoris
1181 2283 1213 2335 ad
1232 2286 1315 2354 legata
1333 2305 1417 2356 quoq:
1432 2287 1469 2339 sit
1485 2287 1666 2353 extendenda,
1682 2291 1710 2343 in
1724 2294 1833 2348 dubium

156 2376 245 2432 addita
263 2372 379 2426 clausula
400 2370 560 2438 derogatoria
581 2377 793 2420 testamentorum
815 2367 972 2432 lutatiorum,
1021 2376 1092 2418 rorat
1125 2367 1251 2420 Prtlcltro.
1275 2369 1333 2420 vol.
1355 2383 1375 2420 t.
1394 2385 1469 2423 cons.
1490 2383 1530 2422 tt.
1549 2390 1576 2424 n.
1600 2384 1621 2426 t.
1639 2379 1737 2429 Verum
1758 2382 1834 2448 pant„

155 2473 245 2536 pstea
264 2467 352 2510 autem
373 2454 406 2506 ad
427 2453 580 2505 instantiam
600 2451 687 2503 mariti
707 2449 779 2502 alind
798 2452 981 2521 pro-arbitrio·
1021 2458 1090 2518 post.
1109 2465 1138 2500 ιι.
1162 2463 1201 2502 tt.
1221 2451 1314 2504 asserit
1332 2451 1419 2512 idem,
1434 2470 1482 2504 nec
1500 2453 1581 2522 legata
1597 2457 1634 2508 ael
1648 2452 1839 2515 fideicommis-

155 2546 243 2617 ipsius
261 2539 425 2602 coniecerit,
444 2537 543 2605 absque
567 2535 680 2588 clausola
704 2533 867 2602 derogatoria
892 2545 971 2588 testa·
1020 2551 1047 2585 sa
1066 2535 1124 2601 jure
1142 2535 1288 2588 consistere
1307 2551 1384 2604 posse
1403 2539 1677 2605 perueopsutorioe.
1698 2554 1739 2594 st.
1748 2542 1788 2612 Ι
1803 2545 1837 2600 de

152 2628 241 2683 menti
266 2628 319 2695 jam
347 2620 429 2684 sacti,
448 2621 502 2670 utri
522 2621 556 2672 sit
575 2613 723 2670 staucluml·
740 2617 875 2670 Posterius
895 2627 971 2670 testa·
1019 2617 1070 2688 leg.
1091 2628 1113 2668 t.
1129 2618 1179 2690 leg.
1206 2629 1248 2670 se.
1263 2617 1357 2685 ffi-de
1375 2621 1454 2672 cond.
1467 2631 1493 2673 et
1506 2621 1653 2676 demonstr.
1672 2629 1801 2682 Beneuen,
1814 2630 1831 2682 ι,

151 2724 274 2770 mentum
295 2703 510 2778 praeponderare
528 2701 636 2754 suadere
655 2701 756 2754 ridetur
774 2701 793 2751 l.
813 2710 854 2750 22.
863 2699 904 2769 Ι
921 2701 970 2769 leg.
1024 2711 1046 2751 t.
1058 2717 1134 2752 cons.
1156 2693 1195 2752 lt.
1211 2719 1238 2752 n.
1252 2713 1294 2754 ts.
1314 2700 1456 2755 Caebcran.
1476 2704 1659 2758 decianam.
1676 2711 1845 2777 partemne..

155 2811 181 2851 s.
196 2797 298 2848 Verum
320 2789 395 2860 prius
413 2803 473 2842 esse
488 2784 606 2840 ralidnna
627 2785 753 2856 probatus·
771 2783 882 2848 exinde,
900 2789 970 2856 qnod
1018 2783 1075 2836 dec.
1097 2795 1138 2836 ss.
1158 2803 1185 2836 rr·
1207 2785 1426 2841 ts.·1nbaeredis
1445 2799 1532 2842 tameo
1551 2791 1710 2845 colrsntatem
1730 2797 1834 2850 confer-

151 2878 287 2950 posterins
306 2873 399 2926 saltem
418 2872 454 2923 sit
473 2867 969 2923 coniectnmaderitanclasmaritiso·
1021 2865 1121 2916 sinon
1141 2877 1254 2935 possunt
1273 2869 1395 2937 legatal.
1416 2879 1445 2922 ts
1477 2869 1500 2943 5.
1521 2882 1544 2922 2.
1552 2870 1593 2940 Ι
1611 2873 1643 2928 da
1662 2875 1711 2944 leg,
1733 2889 1755 2928 t.
1774 2895 1845 2930 cum·

153 2959 336 3022 licitationss,
353 2962 534 3024 etproptccea
554 2953 826 3005 ooneseersaninsi
847 2952 970 3006 intentio·
1019 2950 1111 3002 haeres
1136 2968 1190 3004 ooo
1219 2964 1408 3024 praesumatur·
1426 2957 1492 3008 relic
1517 2957 1641 3027 obligari.
1661 2960 1679 3010 l..
1699 2973 1734 3012 ι,
1736 2959 1778 3029 Ι,
1801 2963 1847 3017 dp:

151 3063 188 3106 ue
206 3041 360 3101 conditume
380 3037 411 3090 ad
431 3036 500 3106 quod
520 3035 705 3104 maximopere
729 3033 813 3098 lacit,
833 3033 901 3102 qnod
921 3037 966 3086 de·
1018 3051 1043 3086 o.
1063 3043 1134 3087 et'oa

152 3127 281 3198 rogarerit
306 3123 389 3196 priori
418 3130 581 3174 testamento.
606 3117 710 3170 Bruon.
729 3117 767 3169 ad
784 3117 802 3169 l.
823 3127 864 3168 tt.
878 3117 919 3187 Ι
937 3119 970 3170 de
1051 3115 1130 3168 Nunc
1148 3115 1441 3190 dispiciendumerit,
1461 3137 1499 3174 art
1528 3119 1656 3180 voluntis
1682 3123 1835 3196 coptoto'rio
1910 3125 1916 3134 ¹

155 3215 206 3284 leg.
228 3225 251 3264 s.
269 3229 294 3262 ιι.
322 3219 344 3260 t.
373 3207 430 3258 lmo
456 3220 505 3256 uec
527 3202 644 3254 manitus
663 3201 877 3253 de'testsmento
893 3212 968 3255 antea
1016 3199 1053 3252 sit
1075 3203 1241 3270 persuasio?
1260 3203 1325 3254 Cum
1352 3205 1431 3272 bctjus
1457 3207 1543 3276 ipsius
1570 3211 1670 3262 decisio
1689 3213 1721 3264 sit
1742 3213 1836 3267 lumle-

155 3295 272 3352 oondito-
288 3289 414 3360 conqueri
434 3287 551 3358 poterit,
573 3303 634 3339 cunt
654 3301 684 3336 eo
701 3285 761 3354 ipso
788 3286 880 3339 delicti
900 3303 971 3338 eom·
1018 3295 1142 3336 metatum
1159 3297 1264 3338 nostras
1283 3286 1383 3341 ‹le-hac
1409 3289 1470 3359 ipsa·
1492 3293 1603 3344 muteris
1629 3293 1833 3366 dispositionis,

154 3379 232 3432 missi
252 3393 280 3430 se
297 3377 386 3444 ipsum
406 3378 555 3436 accusaret,
575 3367 644 3422 unde
663 3385 696 3420 ex
715 3368 811 3422 delicto
830 3368 968 3422 meliorem
1017 3369 1077 3420 sine
1096 3370 1151 3422 ullo
1165 3370 1245 3421 dnbio
1258 3367 1415 3425 allirroatiea
1429 3375 1672 3446 critamplectenda
1686 3383 1835 3445 sententia,
1912 3357 1916 3366 ‚

151 3484 226 3524 auam
245 3459 432 3516 conditionem
453 3455 538 3509 tacere
555 3462 721 3524 conpotest.
738 3453 768 3504 1..
779 3463 838 3506 tat.
856 3450 884 3524 5
897 3467 919 3507 ι.
928 3453 969 3522 ΙΙ
1018 3453 1081 3505 scil.
1099 3455 1265 3506 volontatem
1283 3459 1454 3524 captatoriant
1470 3462 1749 3530 esse'persnasiooem;
1763 3465 1835 3532 qtsod

116 3545 117 3550 ¹
154 3551 191 3604 ds
207 3565 229 3601 r·
244 3547 266 3616 1',
756 3615 757 3618 Ἴ
1018 3536 1109 3606 colligi
1131 3536 1835 3615 bsuddifficulterpotcritexipsiuscunapossm.

189 3635 244 3686 Bas
264 3630 408 3697 conjugum
433 3624 626 3679 institutiones
644 3620 752 3692 quidam
773 3635 865 3674 vocare
881 3631 970 3674 amant
1018 3619 1093 3672 sione
1111 3621 1313 3688 consenientia;
1333 3639 1391 3674 cusu
1411 3627 1483 3676 enim
1503 3629 1647 3679 mansionum
1668 3641 1832 3682 monacorum

149 3715 337 3774 institutiones
361 3711 541 3782 captatorias,
568 3709 631 3761 moti
658 3705 747 3760 serbis
774 3705 934 3758 initialibus.
952 3707 969 3758 l.
1018 3703 1146 3755 consistat
1172 3705 1201 3755 in
1228 3721 1273 3769 eo,
1300 3715 1331 3756 ut
1355 3715 1463 3760 testator
1484 3720 1564 3762 tentet
1591 3723 1697 3781 captare
1721 3715 1833 3768 alterius

151 3814 195 3866 ap,
204 3797 244 3868 Ι.
264 3799 296 3852 de
314 3794 425 3851 leand.
445 3794 509 3847 inst.
529 3791 671 3847 Verum-si
693 3789 819 3842 rerba-et
838 3806 931 3842 seusus
944 3791 969 3844 d.
1020 3785 1212 3840 haereditatem
1230 3797 1257 3840 et
1275 3790 1482 3854 successionem,
1499 3809 1577 3861 quern
1598 3793 1626 3846 in
1644 3792 1726 3846 finem
1745 3797 1834 3866 ipsunt

149 3869 224 3941 t'to.
242 3895 313 3938 reete
331 3881 527 3954 ponderentur,
546 3876 713 3930 coatrarinao
732 3875 823 3944 potius
842 3875 897 3927 crit
916 3883 968 3928 sta·
1020 3870 1049 3921 in
1075 3885 1122 3922 suo
1149 3881 1305 3924 testamento
1331 3876 1485 3943 persuadet,
1506 3887 1532 3929 ιιι
1560 3877 1623 3930 alter
1647 3879 1768 3932 simulat.
1787 3881 1835 3932 tm

150 3970 294 4024 tuendum:
314 3964 506 4018 diciturenim
527 3961 585 4024 ibi,
606 3959 766 4030 captatorias
785 3958 970 4013 institutiones
1018 3951 1161 4006 *ffttllone
1186 3963 1290 4018 moiun
1309 3957 1397 4027 ipsum
1423 3959 1519 4011 iterum
1543 3960 1672 4014 instituat.
1693 3961 1741 4016 Est
1759 3966 1833 4018 enirn

149 4073 165 4108 a
184 4061 279 4106 senatu
294 4066 351 4102 esse
370 4047 536 4119 prohibitas,
557 4060 609 4096 nan
629 4053 716 4094 sutem
735 4057 778 4094 ess
796 4037 859 4107 (stab
872 4041 968 4109 quibus
1019 4037 1133 4106 proprie
1157 4049 1261 4109 captare
1285 4039 1353 4094 dolis
1372 4051 1398 4094 et
1417 4043 1603 4098 illectamentis
1620 4049 1777 4118 qstibusdam
1796 4055 1836 4105 tn.

148 4133 354 4206 comprehendit
374 4130 558 4184 institutiones
576 4127 626 4178 siro
633 4125 740 4195 pliciter
759 4125 795 4175 ita
809 4123 902 4187 dictas,
915 4142 968 4176 oon
1017 4137 1091 4172 crum
1112 4123 1221 4176 alterins
1238 4125 1318 4193 gratia
1338 4129 1470 4196 aucupari.
1485 4130 1560 4200 Apud
1578 4143 1681 4187 veteres
1694 4145 1779 4187 autem
1792 4156 1836 4190 ca·

149 4218 329 4293 captatoriss)
349 4232 415 4285 quae
435 4209 537 4265 mutuis
554 4205 737 4262 affectionibus
756 4204 969 4276 pulicis-proeo-
1021 4215 1095 4273 ptnre
1120 4204 1274 4271 dicebatur,
1298 4209 1344 4278 qui
1369 4211 1493 4266 simulato
1516 4215 1646 4286 obsequio
1669 4223 1849 4278 munusculis·

149 4315 263 4366 cerunt:
283 4319 348 4372 qaae
367 4301 437 4370 ipsa«
450 4295 528 4350 cerba
554 4293 641 4346 nullos
663 4292 730 4344 alios
748 4307 823 4359 quam
843 4293 968 4358 conjuges
1017 4286 1073 4352 ejus
1087 4303 1209 4354 suprema
1222 4289 1321 4357 judicis
1339 4296 1519 4363 aucupabatur.
1534 4299 1656 4354 Menocht
1668 4321 1747 4358 coos:
1757 4319 1764 4358 t
1774 4317 1833 4361 tas.

150 4391 321 4461 respiciunt:
341 4386 453 4453 ideoque
478 4389 567 4432 mutua
590 4379 732 4444 conictgum
758 4373 893 4426 itastitntio
915 4393 968 4427 nou
1018 4387 1048 4422 ιι.
1067 4382 1091 4422 ⁵.
1108 4369 1146 4424 Et
1161 4373 1370 4445 boccaptandae
1389 4381 1485 4432 mortis
1504 4392 1591 4437 votum
1612 4387 1725 4457 impium
1745 4403 1784 4444 est
1804 4407 1828 4450 et
1909 4406 1914 4428 ι

150 4475 205 4528 ecit
226 4472 338 4524 dicenda
356 4465 516 4538 captatorta,
536 4458 680 4516 Wissenb.
700 4457 738 4510 ad
754 4457 797 4510 tit:
802 4454 844 4524 Ι
861 4458 894 4510 de
906 4456 983 4509 troo*
1018 4457 1185 4524 reprobatum
1204 4459 1239 4511 ob
1256 4463 1440 4516 conditionem
1454 4467 1558 4521 relatam
1575 4469 1602 4522 in
1617 4485 1745 4528 secretum
1766 4481 1829 4533 alie.

149 4557 209 4614 red.
227 4558 292 4610 inst.
310 4556 348 4607 tlt.
371 4565 411 4606 te.
432 4549 461 4602 Si
483 4559 569 4600 tameo
588 4544 685 4609 conjux
702 4557 833 4611 expresse
845 4541 970 4593 institue·
1019 4557 1068 4592 nae
1086 4543 1248 4609 uoluntatis,
1264 4545 1283 4595 l.
1302 4555 1344 4598 ss.
1360 4545 1396 4613 Ι.
1413 4547 1447 4602 de
1463 4551 1571 4606 haered.
1590 4554 1653 4607 inst.
1671 4559 1688 4608 l.
1709 4571 1729 4612 t.
1737 4560 1780 4629 Ι.
1799 4563 1849 4618 αι’

147 4655 189 4698 „2
206 4641 346 4708 wnjngem
369 4652 398 4688 ea
417 4629 598 4692 conditione,
624 4628 647 4678 si
671 4642 706 4678 sc.
730 4623 764 4676 ab
787 4624 846 4694 ipso
871 4624 968 4676 iterum
1006 4622 1059 4686 ,lais
1077 4645 1149 4694 qaue
1164 4643 1218 4692 parov
1233 4631 1409 4700 nouscript.
1427 4631 1488 4686 dai.
1507 4653 1530 4688 c.
1553 4645 1831 4709 recooperandum.

149 4724 335 4780 institueretur
350 4754 366 4781 ‚.
384 4719 441 4772 erit
467 4708 780 4780 voluntas-captatoris„
805 4726 833 4761 ae
856 4708 971 4778 proinde
1019 4705 1052 4758 de
1069 4723 1187 4762 concess.
1206 4713 1355 4778 praebend.
1371 4715 1401 4767 ia
1423 4719 1478 4770 Μ.
1497 4723 1669 4784 captatorioe
1689 4734 1729 4778 ss.
1739 4725 1780 4794 Ι
1799 4730 1832 4783 dg

149 4809 294 4881 prohibita.
320 4803 423 4855 Bruon.
443 4799 480 4851 ud
506 4796 533 4849 d.
560 4795 579 4846 l.
599 4807 643 4847 tu.
657 4791 701 4860 Ι.
722 4793 755 4846 dc
775 4793 885 4846 haered.
906 4791 970 4845 inst.
1020 4788 1071 4858 lep.
1093 4799 1115 4841 t.
1134 4789 1152 4842 l.
1171 4798 1403 4863 captatorium.
1412 4797 1455 4866 Ι.
1474 4801 1508 4856 da
1526 4804 1635 4860 do'ered.
1654 4807 1738 4863 instit.
1752 4811 1831 4866 Brroi

151 4896 287 4963 Quaenam
309 4883 451 4941 cotemnit
469 4875 614 4952 captatoria
632 4876 767 4938 rolnutss,
786 4875 814 4928 in
835 4895 867 4928 eo
884 4876 971 4930 docto·
1019 4871 1071 4923 cot.
1090 4882 1114 4923 t.
1132 4891 1207 4929 cons.
1228 4889 1272 4930 st.-
1288 4899 1317 4932 ιι.
1339 4893 1361 4933 s.
1380 4881 1523 4938 Cacberao.
1545 4888 1626 4942 decis.
1646 4903 1735 4946 senus.
1753 4895 1833 4963 pede.

151 4993 195 5030 res
213 4961 336 5027 nondum
356 4968 533 5031 ronrcoiuot,
551 4961 599 5015 alil
618 4960 711 5012 dicunt
727 4975 786 5011 esse
804 4959 889 5019 illam.
902 4975 970 5026 quae
1021 4967 1107 5008 munt.
1125 4959 1183 5012 deu:
1203 4972 1245 5013 st.
1264 4981 1293 5016 ιι.
1315 4974 1354 5020 ts.
1373 4966 1497 5019 Menoob.
1513 4985 1587 5025 scos.
1608 4985 1668 5028 ets.
1687 4995 1712 5028 ra.
1729 4989 1751 5027 t.
1765 4977 1831 5034 Ciam

152 5073 205 5118 tota
218 5055 421 5128 et‚simpliciter
439 5051 473 5104 ab
491 5051 578 5102 alieno
590 5043 828 5118 pendetur-bitrio.
845 5043 971 5095 Prtloltm.
1020 5055 1152 5107 nunquam
1167 5041 1368 5114 deceptionibus
1377 5057 1403 5100 ct
1415 5049 1551 5105 tractibus
1564 5072 1616 5107 noo
1627 5059 1667 5111 sit
1678 5062 1833 5131 obnoxium,

153 5148 214 5206 „op
235 5158 260 5196 ¹,
277 5157 351 5195 cm,
375 5149 415 5190 ιι,
429 5154 456 5190 η,
478 5145 501 5188 s.
520 5153 544 5187 a.
561 5151 587 5194 p.
606 5127 747 5182 haeredem
766 5125 879 5179 instituo
893 5144 971 5194 quens
1020 5123 1064 5174 sin
1087 5123 1159 5174 enim
1181 5135 1294 5180 testator
1309 5131 1455 5199 longiorem
1475 5133 1556 5186 eitam
1576 5137 1640 5188 sivit
1658 5146 1834 5212 praealtero,

162 5224 385 5284 Tarraconem.
404 5221 425 5274 l.
442 5215 535 5284 unffi
549 5211 702 5268 tle-ltoered.
720 5209 783 5262 inst.
800 5209 844 5260 ubi
864 5209 971 5278 quidem
1020 5221 1098 5273 quom
1120 5205 1255 5274 instituit,
1275 5211 1362 5280 ipsius
1381 5213 1545 5270 haereditate
1564 5221 1676 5288 potitur,
1696 5227 1737 5278 sin
1756 5246 1836 5296 pne.

155 5317 277 5376 dicitur,
296 5309 365 5381 quod
390 5303 513 5358 haeredis
537 5298 674 5376 institutio
693 5297 722 5347 in
742 5292 969 5346 arbitrinmalio·
1021 5289 1147 5351 moritur,
1167 5307 1273 5359 semper
1298 5306 1481 5350 testamentum
1507 5301 1572 5352 illud
1599 5315 1717 5367 mutare,
1744 5309 1852 5382 sicque·

154 5419 220 5456 num
239 5398 332 5451 coum
351 5409 404 5446 „011
423 5390 526 5450 calecas,
546 5401 599 5438 non
622 5393 709 5434 taroen
728 5386 868 5450 propterea
889 5377 971 5430 inler-
1022 5371 1223 5444 lille-reputate.
1244 5377 1517 5449 Distu-detortam,
1537 5403 1563 5436 ιι.
1586 5395 1628 5436 at.
1654 5387 1834 5450 Ambulatorin

80 5521 113 5564 ω
154 5501 284 5551 tur-‚esse
304 5467 711 5544 institutionem-captatoriuma
731 5463 778 5515 alii
798 5461 901 5531 quando
921 5479 971 5512 uon
1019 5469 1059 5511 est
1078 5461 1149 5512 euim
1168 5463 1285 5515 rolttntas
1303 5464 1419 5517 bominis
1435 5485 1520 5536 usque
1539 5471 1571 5522 sd
1597 5482 1744 5524 extremum
1765 5479 1835 5533 sitae

156 5567 337 5638 simpliciter,
357 5557 402 5612 sed
430 5552 573 5610 secundnm
599 5547 666 5619 quid
694 5545 814 5598 haeredis
833 5544 971 5595 institutio
1021 5543 1140 5596 lrnlitum.
1160 5546 1179 5596 t.
1195 5554 1220 5596 4.
1220 5546 1261 5617 Ι
1275 5546 1308 5600 de
1321 5549 1404 5601 odim.
1422 5552 1477 5604 uel.
1491 5554 1621 5625 transfer.
1633 5557 1713 5626 legul.
1731 5560 1787 5612 Nec
1806 5565 1833 5615 in
1873 5589 1924 5635 tt·

147 5651 305 5706 maturina
319 5645 430 5698 liberam
450 5639 610 5694 volontatem
629 5628 762 5686 coolcrtur
783 5629 835 5682 ita:
852 5625 968 5681 instituo
1012 5637 1178 5712 ¹testamento
1196 5631 1290 5690 militis
1312 5634 1455 5704 captatoris
1481 5638 1599 5693 voluntas
1624 5644 1798 5698 admittenda.
1817 5649 1854 5698 t..
