4404 6242
51 5869 96 6156 l

457 385 507 438 707
1008 383 1198 446 ntsuuutr.
1215 395 1274 448 xv.
1292 397 1408 454 canor
1426 405 1460 457 v.
1964 421 2005 474 -u

405 463 536 532 csptiosse
554 472 579 518 el
595 462 722 519 obscurae
739 464 768 520 in
787 468 965 541 positionibus
983 482 1099 549 proponi
1118 484 1222 549 solent,

401 547 538 616 capiantur
549 559 595 602 sut
608 549 784 621 decipisnlnr.
795 555 849 607 sid.
863 560 994 629 losephue
1006 563 1153 619 [adoptem
1163 569 1220 622 (ιρι,

403 637 445 680 st.
459 645 511 696 per
521 640 569 682 tot.
577 649 604 702 p.
619 642 643 684 2.
656 633 701 685 ubi
721 635 766 687 dd.
784 648 810 690 et
827 639 936 694 Robert.
954 645 1073 699 Murants
1092 649 1120 701 in
1136 650 1223 720 praei

400 709 462 765 siue
479 711 575 768 ordine
586 713 755 784 judiciorum
775 730 846 789 part.
867 734 891 775 o.
908 727 950 778 tit.
966 729 1154 796 depositione
1171 749 1221 790 reu

401 795 581 849 vinulorum
590 799 776 866 productione.
790 821 818 855 n.
836 815 877 858 ts·
895 807 967 860 flsec
984 811 1100 881 arleoque
1118 832 1220 868 mecum

400 879 538 944 esoltens,
557 880 636 934 salsis
653 899 742 935 eornm
761 885 869 952 judiciis
896 901 1037 959 putarem,
1055 893 1089 945 ob
1108 895 1222 951 rationi,

399 963 569 1019 identitatem
587 967 665 1020 etiarn
685 969 885 1038 anatpusbeti„
904 973 926 1025 si
945 974 1010 1025 sdeo
1028 977 1172 1046 simplices,
1190 989 1220 1032 nt

399 1049 481 1104 etism
501 1066 590 1102 rerum
610 1050 696 1118 ignsri
714 1063 803 1105 essent
820 1054 910 1122 (aliud
930 1056 1070 1110 dicentium
1083 1059 1117 1113 de
1125 1061 1220 1114 astutis

398 1142 427 1187 et
445 1148 532 1184 rerum
551 1133 661 1203 peritis)
679 1133 728 1186 hoo
745 1133 907 1189 beneficium
919 1138 1043 1208 denegari
1063 1159 1116 1195 non
1135 1163 1219 1214 posse.

402 1216 435 1269 At
452 1216 533 1268 sicuti
549 1215 685 1286 losephus
709 1217 854 1270 ludovicus
879 1221 905 1273 d
924 1222 942 1272 l.
963 1223 1060 1288 tradit,
1085 1226 1221 1296 simpliei-

399 1308 440 1352 ter
458 1298 508 1349 hoe
527 1314 581 1350 non
598 1299 812 1366 admittendum
833 1302 878 1355 sed
896 1305 995 1372 judicis
1007 1307 1122 1362 arbitrio
1138 1313 1220 1366 relin-

397 1384 531 1458 quendum
547 1399 620 1437 esse:
638 1385 676 1437 ita
695 1396 722 1437 et
739 1397 858 1440 nostrum
877 1401 1006 1442 assertum
1020 1407 1074 1444 uon
1092 1393 1157 1447 sileo
1173 1411 1218 1464 ge·

395 1470 520 1524 neraliter
536 1468 719 1534 intellecturos
736 1469 783 1521 sed
806 1469 840 1522 sd
863 1482 950 1525 certos
975 1477 1069 1530 ssltem
1089 1496 1162 1533 casns
1180 1499 1220 1535 re·

396 1557 521 1610 strictum
542 1556 677 1609 volumus:
696 1572 792 1625 nempe
816 1557 840 1608 si
864 1556 897 1610 sd
921 1561 1070 1630 positiones
1087 1567 1217 1634 quaestio-

395 1641 478 1695 nibus
494 1639 561 1708 juris
579 1637 724 1704 admixtos,
743 1647 788 1692 aut
806 1641 886 1708 etism
914 1644 1063 1712 positiones
1086 1647 1217 1704 involutas

396 1725 586 1797 snslphabetns
598 1723 759 1794 respondere
770 1723 878 1789 debeat,
894 1736 948 1778 tum
963 1729 1055 1796 utique
1066 1747 1126 1782 euru
1139 1749 1215 1802 prse-

396 1815 483 1867 sentis
496 1812 615 1865 advocati
629 1814 683 1864 siue
696 1813 875 1881 procuratoris
888 1813 1092 1885 aualpltabetum
1105 1833 1215 1888 respon·

395 1898 460 1951 ders
476 1914 556 1966 posse
571 1896 743 1949 arbitrantur.

433 1982 617 2036 consideratis
641 1980 811 2050 litigantibus
832 1982 867 2034 sd
892 1981 979 2052 ipsam
999 1981 1058 2037 litis
1077 1987 1212 2041 trsctatlo·

397 2087 470 2136 nem,
490 2071 567 2136 ottjus
586 2065 784 2119 fundamentum
803 2065 831 2118 in
851 2065 908 2119 litis
925 2067 1113 2122 contestatione
1125 2071 1212 2122 eonsi-

393 2157 454 2220 stit,
472 2151 669 2224 proeedendum
688 2160 773 2213 esset;
791 2162 818 2204 at
836 2168 896 2203 corn
914 2167 1007 2202 ornnes
1026 2151 1081 2206 iere
1099 2154 1210 2210 habeant

392 2243 424 2296 in
439 2256 502 2306 ore,
520 2241 577 2292 imo
593 2248 621 2291 et
639 2237 806 2307 analpbabeti
824 2254 929 2306 quoque
945 2237 1033 2290 dicere
1050 2239 1157 2292 soleant:
1168 2244 1212 2295 Er

394 2328 444 2380 liat
454 2327 530 2379 litem
554 2322 711 2389 eorrtertirt,
730 2332 792 2375 sunt
809 2321 886 2374 verba
903 2321 964 2375 lois.
983 2323 1161 2393 Oldeudorpii
1179 2327 1212 2380 de

391 2407 673 2470 trecentenarium,
692 2424 775 2474 quum
801 2404 935 2460 classibus
951 2404 1009 2460 ruis
1028 2409 1209 2477 praemissam

392 2491 466 2555 side,
484 2508 545 2542 cum
565 2501 652 2543 tamen
672 2489 747 2560 pauci
766 2488 836 2553 siut,
853 2488 899 2558 qui
913 2489 1079 2559 intelligant,
1092 2493 1155 2562 quid
1174 2497 1210 2548 sit

391 2576 500 2645 etquid
520 2572 670 2644 significet,
688 2574 844 2643 qualemque
861 2572 979 2627 ellectum
998 2576 1057 2627 litis
1075 2587 1208 2630 contestu-

392 2660 432 2712 tio
445 2661 552 2724 hebeat;
574 2657 607 2710 de
624 2657 738 2722 singulis
751 2657 803 2708 sirl.
821 2657 847 2708 b.
866 2655 911 2709 du.
931 2657 1074 2710 Brunuem.
1089 2660 1118 2712 in
1131 2679 1210 2730 proc.

392 2746 442 2801 eiu.
461 2763 484 2798 c.
503 2755 543 2797 tt.
563 2762 592 2797 n.
610 2757 631 2796 t.
649 2753 676 2795 et
698 2761 727 2795 n.
741 2753 784 2796 2¹.
804 2753 947 2811 nosterque
966 2744 1098 2796 tractandi
1116 2749 1209 2801 modus

389 2833 508 2886 circaea
527 2847 580 2884 non
599 2827 633 2882 sit
648 2837 804 2898 occupatus,
825 2827 893 2880 liaeo
905 2829 962 2896 ipsa
982 2830 1063 2879 missa
1081 2828 1208 2884 iacientes

391 2916 425 2969 sd
444 2916 496 2968 alia
514 2931 574 2966 curn
597 2911 695 2982 primis
713 2911 746 2964 sd
766 2911 874 2964 testium
893 2909 1094 2981 depositiones,
1112 2914 1208 2983 quibus

390 3003 530 3070 litigantes
548 3017 622 3052 suam
641 2997 797 3050 seutentiam
816 2995 930 3066 probare
953 3006 980 3048 et
1003 2997 1149 3050 adversarii
1169 3001 1210 3051 in·

390 3089 540 3143 tentionem
559 3084 657 3139 elidere
676 3093 800 3153 possunt,
827 3082 1020 3150 progredimur.
1040 3084 1111 3135 ilino
1128 3103 1205 3154 quee-

387 3175 501 3229 stiouem
520 3188 622 3232 moseo,
642 3185 708 3221 anne
725 3166 803 3218 etium
832 3165 1017 3235 attulphaltctus
1036 3176 1130 3221 testem
1149 3189 1207 3239 age·

388 3275 418 3313 re
437 3269 464 3312 et
483 3254 667 3310 testimonium
686 3253 777 3302 dicere
795 3246 903 3320 possit?
929 3247 1130 3317 Respondemus
1150 3271 1205 3307 rna·

387 3342 469 3394 sitne.
486 3339 564 3394 ttthil
582 3338 655 3391 enim
674 3335 781 3388 obstare
800 3333 916 3396 ridetur,
928 3332 998 3402 quod
1017 3335 1207 3404 attulphabetos

387 3445 401 3480 s
421 3425 570 3480 testimonii
590 3421 707 3474 dictione
726 3429 822 3472 arceat.
843 3416 909 3470 Cum
927 3418 999 3470 enim
1015 3435 1109 3471 omnes
1127 3420 1159 3474 ad
1171 3433 1206 3475 tc·

385 3508 544 3564 stimonium
564 3505 703 3560 terendum
722 3503 831 3557 admitti
849 3503 976 3572 possint,
999 3503 1047 3571 qui
1073 3505 1203 3574 prohibiti

388 3609 442 3646 uon
464 3592 636 3660 reperiuntur
653 3590 671 3640 l.
693 3599 715 3638 t.
723 3585 764 3656 ff.
776 3591 808 3641 de
820 3587 951 3651 testibus,
972 3587 1061 3656 utique
1078 3589 1204 3660 anulpho·

387 3675 445 3730 beli
464 3675 536 3728 iuter
554 3683 634 3726 testes
652 3672 837 3726 connumerari
859 3681 886 3723 et
904 3671 936 3722 ad
957 3671 1105 3724 testimonii
1123 3674 1203 3744 depo-

387 3760 514 3814 sitionem
532 3757 635 3811 admitti
654 3767 789 3828 poterunt,
807 3774 867 3808 eum
885 3755 927 3808 illi
947 3755 1069 3824 nuspiam
1124 3760 1202 3810 testi-

387 3845 478 3898 tuouio
496 3843 671 3914 repellantur,
690 3840 760 3892 nulla
785 3839 865 3891 etiam
884 3839 1044 3908 simplicitas
1062 3850 1107 3893 sut
1125 3842 1202 3909 iguo·

387 3930 473 3984 nuntia
491 3929 560 3999 ipsis
576 3925 676 3998 opponi
696 3925 793 3989 rulest,
811 3941 879 3995 quse
897 3939 940 3976 eos
958 3943 972 3976 a
991 3923 1147 3978 testimonio
1159 3943 1200 3978 re·

1273 491 1370 559 pellere
1389 491 1496 564 posset}
1521 494 1600 550 tnodo
1625 497 1692 552 alies
1719 516 1796 556 senae
1814 505 1901 560 ruentis
1916 519 1939 563 et
1954 512 2049 582 integris

1271 579 1341 631 silue
1358 581 1536 636 inveniantur.
1554 584 1608 638 eid.
1627 584 1753 656 Casperis
1779 589 1879 644 Kloclrii
1897 598 1980 649 consil.
2003 611 2048 653 tut.

1270 680 1296 714 n.
1312 675 1372 718 nst.
1385 677 1412 719 et
1423 683 1494 737 seqq.
1508 669 1553 721 ubi
1573 669 1618 720 dd.
1637 672 1694 724 vol.
1708 685 1731 724 t.
1744 673 1901 740 Objeetiouis
1914 681 1963 732 loeo
1973 683 2049 738 efferre

1270 746 1331 813 quis
1350 758 1440 816 posset
1459 769 1526 806 nou.
1545 762 1587 803 so.
1603 769 1626 803 e.
1645 767 1667 806 t.
1679 754 1725 806 nbi
1746 755 1885 826 imperator
1896 763 1997 827 mundet,
2008 783 2050 819 nou

1271 845 1389 897 quosque
1406 829 1522 884 artifices
1541 833 1689 902 ignobiles,
1714 852 1799 906 neque
1815 839 1964 906 uilissimos,
1984 863 2052 916 neque

1269 910 1353 965 nimis
1370 915 1493 970 obscuros
1511 917 1543 968 ad
1561 919 1742 972 testimouium
1757 923 1892 991 procedere
1902 926 1992 990 debere,
2003 933 2051 998 qui·

1271 995 1320 1050 bus
1339 996 1451 1053 iursitan
1470 1001 1551 1070 aliqui
1571 1003 1760 1073 enslpltsbetos
1778 1023 1940 1060 annumerare
1956 1025 2053 1080 possenti

1271 1097 1362 1134 rerum
1380 1085 1442 1154 quia
1461 1086 1486 1137 d.
1499 1103 1565 1139 nou.
1579 1088 1759 1142 tantummodo
1772 1089 1804 1141 de
1816 1091 1945 1144 vilissimis
1961 1103 1983 1145 ct
1997 1096 2054 1160 slsis·
2148 1097 2150 1108 ⁴

1271 1166 1398 1220 ctissimis
1422 1167 1600 1234 horninibus,
1625 1173 1729 1224 sentius
1749 1183 1773 1226 et
1790 1171 1879 1226 infima
1904 1175 1969 1228 loece
1984 1177 2054 1244 plebis

1270 1253 1392 1322 loquitur.
1418 1253 1540 1308 Furinae.
1562 1276 1588 1327 p.
1612 1265 1652 1310 tr.
1676 1275 1704 1309 n.
1720 1269 1760 1310 ts.
1775 1267 1802 1310 et
1812 1275 1879 1327 seqq.
1897 1261 2053 1329 antiphates,

1271 1338 1293 1391 si
1311 1337 1377 1391 elias
1396 1339 1477 1392 situm
1496 1341 1655 1393 laudabilem
1679 1342 1811 1404 vixerint,
1834 1343 1940 1397 minime
1962 1362 1974 1395 s
1995 1347 2055 1398 testi·

1269 1422 1352 1472 moui.
1365 1423 1482 1476 dictione
1494 1425 1569 1493 rejici
1590 1436 1718 1496 poterunt.
1738 1425 1815 1478 cont.
1832 1425 1876 1477 du.
1895 1426 1980 1480 lllocl.
1995 1427 2017 1479 d.
2031 1429 2046 1480 l.

1304 1505 1370 1558 Cum
1389 1507 1470 1561 etiam
1488 1507 1644 1578 quaudoque
1655 1509 1868 1562 attestationibus
1885 1511 2011 1578 publicetis
2019 1529 2056 1565 no·

1268 1609 1313 1646 ros
1330 1603 1409 1647 testes
1426 1593 1572 1662 producere
1590 1609 1761 1658 concessum,
1781 1609 1855 1644 ossus
1871 1592 1923 1644 sid.
1940 1592 1966 1644 in
1983 1593 2004 1644 b.
2019 1594 2055 1646 dn.

1269 1673 1416 1728 Brunoem.
1432 1692 1504 1739 proc.
1515 1673 1563 1726 civ.
1576 1692 1600 1726 e.
1616 1686 1656 1728 tu.
1671 1691 1698 1726 n.
1713 1685 1755 1726 st.
1773 1693 1883 1745 quaero,
1898 1677 1918 1727 si
1932 1678 2055 1730 attestatio·

1268 1776 1315 1812 ues
1332 1759 1479 1830 publicatae
1501 1757 1621 1823 luerint,
1645 1776 1715 1811 enne
1732 1768 1786 1811 turn
1806 1759 1972 1830 snalplubeto
1993 1777 2057 1816 notos

1268 1851 1349 1896 testes
1365 1843 1510 1912 producere
1528 1839 1625 1895 licent?
1649 1842 1756 1897 Certum
1776 1844 1842 1895 elias
1861 1844 1931 1896 iuter
1948 1842 1989 1894 dd.
2004 1853 2055 1908 est,

1264 1927 1308 1980 bis
1325 1929 1366 1981 rel
1383 1938 1423 1981 ter
1442 1927 1555 1980 testibus
1574 1928 1733 1999 productis,
1751 1945 1806 1981 nou
1825 1927 1890 1980 elios
1907 1935 1992 1995 qusrto
2008 1943 2056 1996 pto-

1260 2017 1318 2067 duci
1332 2017 1424 2086 posse}‚
1436 2017 1497 2084 quia
1508 2015 1655 2085 perieulum
1668 2013 1805 2076 metuitur,
1817 2030 1851 2064 ue
1861 2021 1973 2065 attestati
1985 2011 2054 2082 parti·

1262 2099 1310 2151 bus
1329 2103 1505 2163 innotescant,
1523 2098 1612 2167 sicque
1624 2095 1700 2149 facile
1718 2097 1783 2148 alios
1797 2094 1956 2146 soliorueudi
1968 2091 2057 2144 lieentia

1261 2183 1457 2252 suppeditetur.
1478 2182 1556 2234 loth.
1575 2191 1605 2234 ot
1616 2179 1665 2252 qui
1678 2180 1764 2233 semel
1780 2195 1803 2230 e·
1820 2177 1854 2231 de
1871 2175 2055 2241 probationibus

1260 2265 1367 2335 illicque
1391 2265 1421 2317 in
1446 2273 1591 2318 comment.
1611 2263 1637 2313 b.
1656 2260 1702 2312 du.
1723 2263 1867 2312 lruunern.
1886 2261 1979 2311 Verum
1996 2268 2019 2310 ut
2031 2255 2057 2306 ed

1261 2349 1336 2402 datae
1352 2349 1517 2418 quaestionis
1536 2345 1736 2417 responsionem
1756 2345 1906 2402 veniemus,
1919 2337 2057 2400 dicimns‚ti

1260 2434 1447 2490 verisimiliter
1464 2440 1579 2492 constet,
1594 2439 1693 2500 partem
1714 2423 1852 2480 testificata
1872 2441 1924 2478 non
1941 2421 2057 2480 didicisse,

1261 2521 1373 2573 omuino
1397 2527 1475 2572 testes
1501 2531 1580 2568 noros
1605 2512 1751 2583 producere
1775 2525 1927 2562 concessum
1952 2507 2004 2558 erit.
2022 2502 2058 2556 ste

1261 2601 1457 2671 praesumptive
1481 2609 1607 2668 apparet,
1633 2595 1861 2665 anulphsbetum,
1887 2589 1985 2644 etiamsi
2000 2587 2057 2638 dicte

1261 2688 1366 2738 testium
1385 2683 1419 2737 sd
1436 2683 1522 2753 ipsius
1541 2696 1633 2733 metius
1651 2679 1841 2747 pervenerint,
1855 2673 1943 2727 eadem
1961 2688 2009 2722 nou
2024 2668 2057 2719 di·

1260 2769 1373 2833 dicius,
1393 2785 1453 2820 cum
1474 2767 1511 2827 is,
1529 2764 1575 2834 qui
1595 2765 1684 2830 legere
1702 2762 1804 2820 nescit,
1819 2759 1925 2812 testium
1939 2751 2058 2808 testiiettr

1260 2857 1356 2924 legisse
1374 2871 1426 2909 non
1448 2859 1637 2922 praesumatur.
1661 2847 1715 2898 rid.
1743 2846 1775 2897 de
1799 2845 1852 2897 hoc
1870 2859 1929 2895 casu
1946 2842 2058 2908 elegentes

1259 2943 1434 2995 disserentem
1456 2937 1593 3005 Augustin.
1612 2933 1726 2986 Beroutn
1746 2931 1848 2984 consil.
1871 2941 1927 2982 tou·
1946 2945 1972 2977 n.
1986 2937 2022 2977 tu·
2037 2931 2059 2973 et

1263 3038 1302 3079 tt.
1315 3029 1367 3078 ool.
1379 3039 1402 3079 s.
1424 3022 1501 3076 sttuu
1515 3017 1670 3080 dicendum,
1682 3017 1705 3069 si
1720 3015 1865 3085 praelectio
1877 3009 2056 3063 attestationum

1258 3111 1429 3183 nnalplubeto
1455 3108 1488 3158 ab
1512 3105 1565 3158 aliu
1589 3103 1657 3154 iacta
1677 3099 1781 3151 fuisset.
1803 3099 1893 3165 Atque
1912 3097 1972 3147 ltere
1988 3100 2057 3150 sunt,

1257 3213 1322 3264 quae
1339 3197 1408 3249 eirca
1426 3189 1560 3261 judicialis
1580 3188 1613 3239 de
1630 3182 1817 3252 euaipltabetis
1829 3182 1918 3232 dicere
1935 3174 2057 3267 soluiels·

1257 3293 1313 3334 stus
1330 3279 1416 3332 adhuc
1441 3273 1547 3327 «licendi
1574 3285 1687 3324 oceanus
1714 3267 1782 3317 milti
1802 3265 1974 3335 aperiretur,
1996 3274 2016 3308 st
2034 3269 2060 3306 et

1255 3362 1376 3415 consiliis
1400 3358 1613 3412 clarissimorum
1636 3356 1758 3406 ictorum
1784 3367 1837 3411 ea,
1860 3364 1926 3416 quse
1955 3345 1979 3394 iu
1997 3339 2059 3410 preti

1256 3445 1326 3498 circs
1345 3441 1481 3496 materiem
1500 3436 1731 3506 anulphabetorum
1748 3433 1940 3492 observarunt,
1957 3437 2059 3495 repetere

1255 3538 1333 3597 alque
1350 3541 1561 3579 crummemorsre
1586 3523 1630 3574 hie
1655 3521 1775 3580 liberet;
1800 3518 1851 3570 sed
1874 3533 1935 3569 cum
1953 3524 2059 3582 portum,

1253 3631 1330 3683 quem
1351 3611 1405 3663 sibi
1425 3609 1561 3681 proposuit
1580 3605 1728 3676 disputatio
1745 3614 1862 3666 nostra,
1887 3609 1990 3658 cernat,
2014 3593 2061 3644 sels

1252 3695 1421 3758 contrahens,
1441 3695 1504 3746 huic
1521 3691 1604 3762 capiti
1618 3696 1642 3742 et
1656 3704 1714 3740 cum
1728 3703 1758 3738 eo
1771 3683 2000 3756 snslphsbetorum
2017 3687 2060 3727 trs-

1252 3781 1381 3845 ctalioni,
1400 3779 1475 3852 quasi
1493 3785 1601 3850 portum
1626 3771 1794 3844 ingrediens,
1817 3785 1949 3824 sommam
1966 3769 2060 3834 inpono

1252 3879 1369 3915 manum.

1078 4107 1380 4165 APPENDIX

1170 4267 1283 4314 MV!

1051 4401 1298 4473 CAPUT
1344 4407 1407 4475 vt.

668 4577 725 4644 De
746 4577 827 4665 jure
852 4574 1096 4643 illiteratorum
1121 4574 1310 4644 idiotarum
1334 4593 1367 4643 et
1383 4580 1515 4668 jurium
1539 4584 1785 4671 imperitorum

626 4777 969 4832 suunAutA

381 4952 569 5008 Cuntinuulio.
583 4968 610 5002 n.
628 4960 648 5001 t.

379 5037 535 5092 literarum
546 5032 725 5104 praestantia.
743 5053 771 5087 n.
787 5045 811 5086 t.

378 5120 529 5174 illiteratus
543 5121 580 5174 ud
591 5117 715 5194 officium
728 5119 938 5175 ecclesiasticum
945 5135 1001 5170 non
1010 5113 1200 5170 estudmitten·

418 5205 476 5260 dete·
492 5223 519 5258 n.
536 5218 559 5258 t.

378 5291 412 5344 Id
423 5289 498 5360 pund
507 5285 691 5360 confirmatur
702 5305 737 5342 ex
751 5289 839 5342 ordin.
847 5289 990 5343 consistor.
999 5283 1196 5351 brandenburg.

416 5394 443 5428 n.
459 5383 481 5426 l.

377 5459 453 5514 Iliun
462 5459 557 5514 sedule
570 5457 707 5528 inquisitio
722 5457 751 5512 in
765 5455 847 5512 ritum
859 5467 883 5508 et
895 5455 986 5510 studio
993 5453 1198 5510 candidatorum

414 5543 559 5598 ministerii
570 5542 747 5597 instituendo.
762 5561 789 5596 n·
803 5555 824 5595 t.

378 5629 470 5682 Mores
483 5627 569 5682 seculi
579 5627 668 5681 nostri
679 5645 740 5682 eum
752 5625 900 5695 negligunt.
915 5643 943 5676 n.
960 5635 984 5676 s.

377 5715 425 5766 An
439 5713 584 5768 illiteratus
597 5713 673 5766 solun
686 5709 853 5766 conscientia
868 5705 910 5763 od
920 5705 1100 5762 ministerium
1115 5697 1198 5764 escle·

283 5814 350 5844 A
408 5795 482 5852 siuet.
497 5795 639 5870 udtpirure
652 5807 677 5853 et
691 5795 800 5855 udutitti
817 5803 908 5869 queat·
923 5809 950 5848 n.
967 5804 990 5844 t.

1254 4775 1349 4842 (luulis
1361 4775 1477 4830 eruditio
1487 4778 1517 4830 in
1532 4777 1656 4831 ministro
1667 4777 1794 4832 eeclesiae
1804 4778 1994 4836 desideretur?
2007 4799 2032 4831 n.
2042 4787 2063 4828 t.

1251 4859 1343 4929 Neque
1359 4859 1576 4914 ludimoderutor
1587 4877 1646 4915 esse
1657 4873 1746 4929 potest
1756 4862 1915 4920 illiteratus.
1930 4883 1958 4916 n·
1973 4881 1996 4920 s.

1254 4945 1350 5013 Qualis
1366 4947 1481 5000 eruditio
1499 4948 1529 4999 in
1547 4947 1825 5002 ludimoderotort'lms
1841 4949 1882 5002 sit
1899 4944 2061 5004 necessario?

1288 5049 1316 5083 n.
1335 5041 1375 5084 ld.

1250 5116 1295 5168 An
1308 5117 1452 5170 illiteratus
1465 5117 1655 5185 magistratum
1664 5131 1756 5186 perere
1767 5119 1882 5183 possit?
1897 5137 1925 5170 n.
1940 5130 1983 5171 st.

1250 5201 1296 5252 An
1308 5199 1452 5255 illiteratus
1456 5200 1605 5268 judicandi
1613 5218 1723 5255 munere
1732 5197 1975 5271 reetesungotur?
1987 5221 2012 5254 n.
2029 5208 2061 5250 tt.

1283 5294 1309 5336 ei
1324 5294 1363 5335 il.

1251 5366 1416 5420 Constitutio
1435 5367 1571 5421 Fridert'ci
1588 5369 1642 5422 111.
1660 5377 1687 5419 et
1704 5368 1821 5437 quidde
1848 5387 1884 5422 en
1904 5366 2065 5426 tenendum?

1284 5470 1310 5503 ll.
1330 5462 1370 5501 ii·

1250 5533 1620 5602 Quaestionr'rproeoedentt'r
1629 5535 1765 5588 limitatio.
1779 5555 1804 5588 n.
1821 5549 1865 5590 ts.

1248 5619 1295 5668 An
1308 5616 1439 5670 illiterato
1451 5616 1603 5686 jurisdictio
1615 5617 1651 5671 rit
1663 5619 1849 5673 mandenda?
1862 5643 1891 5676 n.
1907 5638 1947 5676 ts.

1248 5704 1277 5754 A
1281 5719 1298 5753 n
1310 5699 1381 5753 t'dem
1393 5712 1465 5754 reete
1473 5701 1591 5769 eligutur
1602 5705 1826 5758 commisserint?
1840 5723 1869 5756 n.
1888 5720 1929 5758 tt.

1251 5784 1450 5858 Quaestionum
1468 5795 1605 5840 mularum
1625 5788 1729 5842 utililas
1741 5789 1957 5846 demonstratur.
1970 5811 1996 5845 n.
2012 5804 2047 5846 ts.
