4328 6270
200 263 255 336 432
628 257 677 312 DE
696 257 939 316 otsttctrtorta
955 255 1111 314 renutu
1130 259 1167 316 122
1186 261 1338 316 umente.
1723 255 1775 330 912

148 373 188 416 242
207 358 400 429 8414441124441
420 367 538 414 consuet.
558 359 732 425 444444141444.
752 369 776 408 4.
795 367 814 408 4.
835 367 859 408 2.
877 363 900 418 4.
922 366 962 408 tt.
1015 353 1146 410 incumbit
1164 355 1224 419 illi,
1243 358 1288 424 qni
1315 356 1416 410 istaes
1436 355 1514 410 leudo
1541 351 1695 408 mit-solvi.
1723 351 1824 404 2114442.

47 464 52 477 ·
146 447 217 516 quand
238 459 323 498 44444444
344 461 437 512 parum
459 445 586 496 2444244444
603 443 766 498 observatum
788 440 890 504 242444,
910 441 963 492 nisi
1015 435 1097 494 Brun.
1117 457 1192 494 oona.
1214 453 1271 494 444.
1291 441 1409 496 Richter.
1432 443 1489 496 4244.
1516 453 1604 492 ten.
1624 451 1667 492 tn.
1693 432 1826 503 §truns-

146 532 178 585 144
193 545 319 582 concursu
332 529 493 582 creditorum
508 537 614 580 testatur
626 527 735 578 mutter.
745 534 832 592 praet.
843 522 962 592 rer-sor·
1015 543 1037 576 c.
1059 535 1099 576 44.
1117 543 1144 578 o.
1164 537 1187 577 2.
1207 524 1279 580 idem
1300 527 1391 581 solunt
1407 527 1498 580 444441.
1517 529 1662 598 2144444442.
1677 532 1719 574 24.
1738 523 1827 576 conci.

148 615 231 668 recol.
246 624 287 666 44.
301 630 329 662 44.
346 623 388 662 sa.
404 611 433 662 ln
448 627 511 662 44444
526 610 642 662 diarchia
657 621 741 662 tamen
757 617 894 676 receptum
909 609 964 660 siu·
1017 619 1041 660 2.
1060 607 1131 660 12144
1149 609 1260 677 pecunia
1277 611 1312 662 oh
1327 611 1493 666 liberandum
1512 611 1621 665 seudum
1638 627 1651 660 a
1671 627 1740 664 nexu
1759 609 1829 660 obli·
1868 599 1896 642 ¹⁹

148 698 280 766 4441442244
293 713 340 765 per
353 712 447 748 444444.
464 694 583 762 provinc.
598 693 625 744 42.
637 711 713 746 unno
736 703 811 745 4422.
831 703 859 744 42
872 693 895 743 42
909 709 963 744 444-
1014 691 1130 758 gationis
1148 691 1281 760 legitimae
1300 702 1448 746 4442444244
1474 705 1565 750 mutuo
1588 704 1692 762 sumpta
1718 694 1832 746 retertur

148 786 221 838 ritus
239 783 314 834 42444
332 795 410 848 super
436 781 581 830 constituto
601 777 723 828 dotalitio
742 792 898 828 consensum
918 775 964 828 do·
1017 775 1480 847 142444141ιί24244241140444444
1512 790 1534 830 2.
1548 797 1570 832 4.
1586 781 1665 832 442.
1680 790 1721 832 22.
1738 781 1829 852 Κόρρ.

147 866 219 920 mini
240 881 293 918 nou
312 864 491 934 inpetrasset,
510 863 587 915 sidua
606 877 763 914 mnsensum
782 860 884 912 domini
905 869 964 929 post
1014 860 1071 914 dec.
1091 871 1131 912 42.
1146 879 1174 912 n.
1189 870 1232 912 42.
1251 858 1328 927 Quod
1348 869 1410 914 tune
1428 861 1543 914 manime
1561 864 1642 926 44142,
1660 864 1763 931 quando
1778 863 1829 916 ira·

146 959 263 1006 mortem
283 957 390 1017 petere,
410 958 438 1000 et
457 945 597 998 italorum
617 945 688 997 inter
706 951 891 996 consensuatos
909 957 963 992 cre·
1016 953 1056 996 ter
1082 944 1187 997 vassalli
1213 944 1324 1012 pecunia
1348 945 1487 1001 creditoris
1509 946 1638 1000 dimissus
1656 955 1698 1001 est
1716 963 1763 1016 pro
1782 964 1828 1000 sua

145 1035 249 1086 ditores
266 1047 395 1100 occupare
411 1029 501 1099 possit.
521 1031 577 1080 lluc
600 1039 722 1090 certum,
741 1043 871 1080 44444444
890 1027 963 1096 priu-
1016 1029 1155 1100 portione,
1174 1045 1251 1096 quam
1271 1026 1363 1084 hahuit
1380 1029 1409 1080 in
1429 1027 1517 1083 244414.
1533 1030 1620 1082 renel.
1639 1025 1752 1084 pomer.
1766 1042 1790 1082 4.
1809 1040 1829 1081 e.

144 1121 217 1190 cipis
236 1117 357 1170 4412ιί14124
377 1115 522 1168 subsistere
541 1113 964 1180 424241121444,114424444224444
1017 1123 1057 1168 24.
1077 1114 1116 1164 124
1135 1113 1240 1172 44441244
1265 1111 1411 1178 judicatum
1438 1111 1606 1181 Stargunliue
1630 1114 1658 1164 in
1684 1112 1830 1166 cimeterio

143 1202 341 1259 consenserint.
354 1198 500 1269 Scheplite.
519 1199 544 1250 d.
563 1208 582 1248 2.
598 1208 621 1250 2.
634 1199 657 1264 §.
675 1207 715 1248 tt.
726 1215 754 1250 44.
770 1210 794 1248 4.
808 1196 859 1248 Du.
874 1195 963 1248 Panes.

144 1300 227 1346 truce.
244 1289 277 1342 414
293 1282 637 1340 concatenationes.
653 1283 676 1348 §.
692 1292 733 1334 22.
749 1279 849 1332 114444.
863 1297 885 1330 4.
901 1290 923 1330 a.
937 1279 963 1332 d.

146 1383 192 1428 24.
213 1375 290 1427 12444
307 1371 387 1423 etiam
408 1368 551 1420 utilitatem
570 1363 644 1420 422442
662 1381 804 1419 cousensus
821 1362 925 1415 domini
939 1371 966 1414 et

142 1467 320 1526 agnatomm,
339 1463 369 1506 ut
388 1463 449 1506 tunc
473 1467 525 1503 non
544 1449 659 1519 amplius
683 1458 844 1516 quaeratur,
861 1463 895 1498 aaa
915 1446 964 1498 dos

144 1555 170 1595 et
187 1551 290 1610 quauta
308 1539 346 1592 sit
364 1537 453 1596 211424,
470 1535 505 1588 oh
523 1551 602 1604 quam
620 1533 790 1585 coustitutum
809 1540 848 1584 eat
867 1530 961 1584 dotali·

143 1628 216 1677 tium
238 1624 327 1676 Strut.
346 1621 365 1674 2.
384 1640 407 1676 4.
431 1630 472 1674 44.
491 1639 518 1674 o.
546 1629 586 1670 42.
610 1627 634 1672 et
658 1617 682 1670 41
705 1632 835 1668 44444444
858 1613 962 1666 domini

31 1737 32 1740 ¹
142 1709 318 1784 constitutum
337 1705 502 1769 dotalitium,
519 1711 622 1758 mortuo
640 1701 737 1754 marito
754 1699 832 1754 sidua
851 1701 907 1767 jure
925 1716 964 1752 44-

141 1794 280 1847 tentionis
306 1800 396 1844 manet
422 1791 453 1841 in
476 1786 576 1852 leudo,
595 1787 698 1852 eteius
717 1799 850 1838 successor
868 1781 964 1852 paradet

140 1877 291 1950 priuilegio
308 1875 402 1928 eodem
422 1889 486 1942 prae
504 1869 771 1925 aliis'creditoribus.
790 1871 842 1924 Du.
861 1868 963 1922 Brunn.

31 2003 33 2010 ι
142 1981 168 2018 4.
185 1974 212 2016 4.
226 1962 254 2016 42.
269 1972 310 2014 22.
331 1969 443 2029 propter
461 1955 566 2010 domini
584 1971 753 2010 eonsensum.
771 1953 841 2006 44442.
860 1951 963 2006 Brunn.

31 2065 33 2078 ’
143 2050 182 2102 442
197 2048 216 2100 1.
228 2041 253 2106 f.
266 2061 289 2096 c.
303 2044 328 2096 d.
342 2039 451 2096 ltnered.
469 2039 573 2094 vendit.
589 2041 627 2091 lle
642 2042 699 2105 jure
714 2036 871 2106 sponsalitia
884 2035 963 2103 largi·

31 2165 33 2180 .
144 2143 184 2184 tas
199 2165 207 2192 ‚
225 2142 326 2180 merces
345 2123 529 2189 habitationis,
548 2123 656 2176 donatio
675 2135 782 2192 propter
800 2122 917 2192 nuptiis,
930 2120 963 2174 li-

31 2235 33 2268 4
144 2234 174 2269 44
191 2225 217 2268 24
233 2215 329 2266 marito
343 2228 376 2264 ex
390 2209 469 2262 leudo
487 2210 630 2278 promissa,
651 2209 724 2262 iuter
742 2207 832 2260 dehita
852 2205 963 2259 2444144114

31 2337 32 2354 r
142 2317 200 2354 uun
222 2294 381 2352 recensenda
405 2305 475 2348 sunt.
500 2293 593 2363 Carpa-
612 2293 659 2346 122.
680 2305 704 2346 4.
723 2309 791 2360 resp.
811 2303 854 2346 44.
874 2291 962 2344 Strur.

31 2391 33 2400 '
142 2384 163 2436 2.
182 2401 209 2437 e.
232 2392 271 2436 44.
290 2399 317 2435 o.
338 2391 363 2432 4.
382 2397 409 2431 n.
429 2389 454 2430 2.
472 2378 568 2447 Carpe.
586 2377 611 2430 d.
631 2394 706 2430 oner-
729 2393 790 2432 444.
804 2373 889 2443 find.
907 2375 961 2430 dec.

31 2515 32 2526 .
143 2483 166 2524 4.
185 2485 249 2539 pos.
270 2480 293 2520 4.
313 2465 393 2518 stlat
410 2464 530 2518 obtinere
548 2463 577 2514 in
595 2461 718 2514 Marcltia
737 2461 812 2514 testis
830 2469 874 2515 est.
889 2461 962 2512 112421-

32 2573 35 2608 4
142 2555 195 2607 ler.
212 2560 298 2616 proce.
315 2566 367 2603 rer.
378 2546 444 2617 fiir.
463 2545 544 2600 recol.
566 2555 608 2598 42.
626 2562 656 2598 n.
676 2556 700 2598 4.
719 2552 800 2613 prout
818 2543 962 2611 judicatum

31 2647 32 2652 ’
141 2639 228 2693 442442
242 2637 271 2688 in
285 2651 391 2688 4444444
410 2633 480 2686 14244
498 2629 612 2684 1444142444
632 2647 685 2682 oon
704 2629 839 2684 1122424424
863 2631 887 2682 12
892 2629 965 2684 ’144444

145 2725 205 2780 und
222 2723 317 2775 descen
335 2719 444 2780 setae,
462 2715 533 2785 quod
552 2713 696 2768 secundum
717 2715 851 2783 superiora
865 2715 965 2766 intelli·

31 2851 37 2866 .
142 2827 195 2874 po,
213 2804 237 2858 41
257 2817 401 2856 consensus
419 2797 553 2868 principit
572 2796 868 2859 444444441244144144
886 2797 962 2849 duta·

142 2885 381 2944 2411444421244214
400 2903 452 2938 nun
472 2885 541 2936 44142
558 2881 616 2934 4244
634 2883 962 2948 444444444444424414424

144 2992 193 3033 nee
214 2971 313 3026 44142412
330 2969 485 3023 constitutio
505 2969 628 3028 illorum.
645 2983 711 3035 quae
729 2964 851 3019 dotalitio
870 2968 964 3021 cohae-

144 3069 215 3114 rent.
230 3055 281 3108 Sed
301 3052 504 3124 paraphernalia
525 3067 557 3103 44
577 3048 655 3104 244414
674 3049 828 3116 regulariter
841 3069 892 3104 nun
905 3063 967 3106 eunt

148 3139 283 3204 soluenda,
303 3137 357 3192 nisi
377 3137 464 3192 tersio
482 3135 619 3205 probetur.
639 3133 801 3204 2144444442.
817 3152 963 3191 onenaos.

140 3223 288 3294 feudales.
305 3233 325 3276 t.
336 3237 395 3292 pos.
412 3232 435 3272 4.
451 3220 504 3274 Sed
516 3219 738 3289 quemadmodum
756 3219 901 3275 secuudum
921 3221 965 3276 dd.

1013 1199 1147 1254 electorali
1165 1197 1195 1250 244
1213 1200 1322 1252 24414444
1341 1199 1427 1254 Clarae
1444 1199 1626 1254 dleinwelaren
1652 1198 1757 1254 Wittm
1768 1217 1831 1252 con·

1014 1297 1057 1338 tra
1078 1284 1207 1338 Joaotaim
1227 1285 1343 1336 Pldtnen
1362 1282 1388 1336 d.
1409 1295 1433 1336 2.
1450 1294 1516 1352 sept·
1546 1294 1622 1336 4422.
1649 1283 1718 1351 qttud
1742 1283 1831 1349 petite

1015 1368 1188 1421 restitutione
1205 1367 1234 1418 in
1254 1369 1389 1435 integrum
1409 1385 1424 1418 a
1442 1379 1514 1436 parte
1532 1367 1691 1420 successoris
1710 1364 1784 1418 leudi
1805 1374 1833 1420 et

1016 1452 1181 1506 transmissis
1203 1450 1427 1505 44214441244412.
1454 1451 1580 1504 [24424424.
1600 1467 1646 1520 per
1669 1449 1830 1504 seutentiam

1014 1533 1198 1591 confirmatum
1217 1547 1257 1589 est
1274 1537 1300 1590 d.
1329 1545 1371 1588 22.
1395 1553 1472 1588 anno
1497 1547 1570 1588 2422.
1591 1535 1668 1605 Quod
1687 1533 1709 1586 si
1728 1550 1761 1586 ex
1779 1535 1830 1586 ali·

1013 1637 1064 1688 quo
1083 1620 1170 1673 debito
1191 1620 1316 1670 vassallus
1334 1635 1379 1672 seu
1399 1617 1566 1672 2442424τί444
1587 1620 1703 1670 44444422
1722 1616 1826 1672 4211224·

1016 1715 1065 1758 2444
1086 1715 1198 1766 tautum,
1219 1705 1287 1756 illud
1306 1720 1340 1757 ne
1359 1705 1410 1755 1444
1429 1702 1528 1756 4424444
1545 1703 1632 1755 velim.
1653 1703 1768 1756 Pertinet
1780 1703 1833 1756 huc

1015 1788 1138 1840 salarium
1159 1787 1295 1851 42444441,
1315 1789 1360 1856 qui
1386 1805 1491 1840 causam
1517 1785 1588 1838 244412
1616 1785 1720 1838 utiliter
1739 1787 1833 1854 gessit.

1016 1872 1108 1942 Carpe.
1126 1873 1152 1926 d.
1171 1873 1189 1923 l.
1208 1873 1233 1924 d.
1255 1885 1296 1926 44.
1316 1873 1369 1922 44141
1390 1873 1422 1922 124
1441 1891 1455 1924 4
1475 1873 1586 1924 44444114
1607 1881 1704 1924 tenuere
1718 1885 1833 1940 accepta.

1015 1953 1094 2025 Carp.
1111 1957 1138 2008 d.
1156 1972 1233 2010 ouer.
1251 1952 1398 2022 44414442.
1419 1955 1474 2008 dec.
1497 1966 1520 2007 4.
1535 1976 1562 2026 p.
1579 1969 1602 2008 4.
1616 1975 1644 2010 n.
1658 1969 1681 2008 2.
1697 1967 1723 2010 42
1741 1967 1766 2008 2.
1781 1957 1833 2008 Do.

1015 2040 1161 2094 Bruunem.
1173 2059 1247 2096 cons.
1265 2055 1304 2095 24.
1313 2061 1338 2095 n.
1347 2045 1461 2096 2411144.
1470 2044 1653 2098 leuamdedit.
1662 2061 1687 2097 4.
1698 2056 1720 2097 t.
1730 2063 1758 2098 44.
1775 2055 1830 2098 222.

1052 2126 1178 2194 Sequitur
1198 2127 1336 2180 residuum
1356 2129 1438 2198 pretii
1457 2146 1509 2197 quo
1527 2125 1633 2180 feudum
1648 2137 1830 2198 eatemplum.

1016 2212 1101 2266 Strns.
1119 2229 1144 2266 c.
1166 2221 1205 2267 tt.
1223 2232 1266 2278 op.
1287 2225 1311 2266 2.
1331 2232 1359 2266 n.
1379 2223 1404 2264 2.
1424 2215 1519 2281 Carpe.
1534 2214 1560 2265 d.
1574 2229 1652 2265 ouer.
1673 2225 1696 2264 2.
1705 2210 1790 2280 fiad.
1804 2213 1830 2264 d.

1016 2305 1075 2364 t.p.
1096 2309 1120 2352 t.
1133 2297 1260 2366 Quamuis
1278 2299 1351 2349 euim
1368 2297 1426 2362 jure
1444 2297 1578 2350 communi
1599 2297 1639 2357 is,
1657 2297 1730 2362 cujus
1750 2312 1830 2366 penu·

1016 2385 1061 2438 nio
1080 2401 1123 2438 res
1140 2393 1230 2454 empta
1249 2394 1303 2448 est,
1324 2400 1376 2436 non
1395 2381 1491 2435 haheat
1508 2384 1549 2450 jus
1566 2381 1728 2452 hypothecae
1742 2383 1769 2434 in
1785 2383 1831 2436 illa

1012 2487 1061 2534 44,
1080 2468 1134 2521 nisi
1152 2467 1303 2540 specialiter
1322 2477 1349 2520 et
1366 2483 1491 2536 expresse
1506 2465 1562 2518 sihi
1583 2465 1614 2516 de
1634 2465 1779 2534 hypotheca
1799 2466 1830 2518 in

1013 2553 1058 2607 illa
1072 2571 1101 2608 re
1113 2553 1282 2625 prospexerit
1305 2551 1322 2606 1.
1334 2549 1462 2620 44444424
1483 2563 1505 2606 2.
1526 2561 1553 2602 t.
1568 2567 1590 2602 e.
1604 2548 1637 2602 424
1653 2549 1761 2620 pigner.
1775 2549 1831 2602 nisi

1013 2639 1051 2691 sit
1070 2639 1180 2708 pecunia
1200 2636 1296 2707 pupilli
1314 2647 1359 2688 aut
1377 2635 1482 2688 militis.
1498 2633 1527 2686 Si
1542 2645 1629 2686 tamen
1643 2635 1767 2688 4444441144
1785 2651 1832 2702 pe·

1013 2723 1120 2776 cuniam
1138 2721 1171 2774 ad
1189 2720 1381 2774 exsolutionem
1401 2719 1473 2772 leudi
1491 2735 1506 2770 a
1524 2735 1553 2772 ae
1571 2719 1711 2788 comparati
1731 2731 1830 2772 mutua·

1015 2818 1055 2860 2444
1067 2818 1118 2871 442,
1139 2815 1194 2858 tum
1213 2804 1341 2858 212441444
1359 2805 1478 2856 alienum
1496 2800 1565 2870 qnod
1585 2802 1670 2855 adhuc
1690 2800 1826 2854 residuum

1013 2899 1086 2952 4442,
1104 2911 1120 2943 4
1139 2904 1288 2942 4444444444
1306 2887 1377 2940 leudi
1397 2887 1463 2940 44141
1483 2885 1573 2948 dehet,
1591 2885 1660 2954 quod
1675 2886 1770 2938 ruultis
1784 2904 1829 2937 au·

1014 2973 1132 3028 oloribus
1145 2984 1168 3026 et
1182 2970 1327 3025 rationibus
1346 2969 1464 3024 illustrat
1481 2969 1508 3020 24.
1527 2969 1672 3022 Brunnem.
1692 2984 1768 3022 eone.
1789 2978 1830 3021 44.

1015 3075 1042 3110 n.
1063 3070 1103 3110 44.
1117 3073 1192 3126 sopp.
1209 3065 1237 3110 et
1254 3052 1396 3125 praecipue
1421 3054 1470 3108 hoc
1493 3053 1599 3106 obtinet
1616 3050 1650 3106 de
1669 3053 1725 3120 jure
1751 3069 1829 3106 4444·

1015 3143 1090 3205 olco,
1104 3142 1197 3211 Carpe.
1214 3158 1233 3209 p
1259 3150 1284 3194 2.
1300 3157 1324 3194 c.
1345 3147 1389 3192 44.
1405 3138 1430 3190 42.
1450 3149 1491 3190 22.
1509 3137 1573 3190 12442
1590 3153 1638 3206 pro
1659 3137 1754 3208 majori
1768 3155 1828 3191 444·

1014 3227 1064 3281 2414
1082 3228 1208 3282 sassallua
1218 3263 1228 3292 ,
1246 3223 1294 3296 qui
1317 3241 1367 3294 pro
1390 3221 1514 3278 emendis
1541 3220 1628 3276 2444224
1646 3237 1690 3276 444
1707 3223 1826 3276 alienum

86 3313 115 3358 ¹⁶
151 3307 345 3377 prttsssmllllrs
370 3313 543 3358 mssl'ssfllofem
569 3313 711 3372 1224212442
731 3320 765 3356 0¹
783 3304 886 3358 4122214
912 3305 965 3358 tihi
1013 3311 1203 3373 4442441422,42
1213 3319 1321 3379 agnatus
1340 3309 1368 3360 in
1387 3308 1554 3375 conjunctum
1575 3323 1683 3360 manunt
1702 3305 1825 3372 assumit,

148 3392 236 3444 datum
256 3393 284 3441 in
304 3399 476 3441 mercaturam
496 3389 649 3442 collocasse:
669 3387 814 3442 studiosum
833 3401 964 3459 acceptam
1013 3395 1118 3448 feudum
1132 3393 1199 3446 illud
1218 3409 1313 3448 uorum
1332 3391 1484 3462 specialiter
1502 3406 1561 3444 cum
1581 3389 1684 3442 domini
1704 3399 1731 3444 el
1749 3408 1828 3460 agna·

149 3473 317 3543 impendisse
334 3473 471 3542 pecuniam
490 3489 565 3526 causa
584 3472 753 3537 studiorum,
769 3475 845 3528 itaet
862 3489 967 3544 praesu·
1014 3491 1099 3532 sonum
1118 3495 1250 3532 consensu
1273 3495 1323 3546 pro
1347 3475 1438 3530 debito
1463 3476 1514 3528 isto
1539 3472 1713 3545 oppignorari
1740 3472 1827 3526 244142.

146 3557 230 3609 mitur
248 3573 281 3610 es
300 3557 354 3610 sola
375 3556 605 3626 puraplrerualium
624 3555 744 3614 illatione
769 3558 849 3609 etiam
876 3557 964 3610 444414
1013 3563 1156 3633 Theminp·
1174 3563 1231 3616 dec.
1250 3572 1290 3614 22.
1310 3578 1336 3612 n.
1359 3569 1382 3612 t.
1400 3571 1427 3614 et
1445 3573 1486 3614 24.
1506 3559 1597 3628 chp.
1612 3557 1667 3610 dec.
1682 3569 1725 3610 42.
1738 3577 1767 3610 n·
1782 3568 1824 3610 42.

144 3639 443 3701 infestissumam,
464 3639 560 3710 22421142
578 3639 613 3693 ob
632 3639 709 3707 huius
727 3639 890 3710 probationis
908 3641 962 3694 dil·
1013 3647 1066 3700 Sed
1090 3663 1164 3700 44444
1189 3645 1276 3699 44214
1294 3643 1395 3696 debitis
1419 3642 1523 3696 ratione
1544 3641 1675 3696 2444244444
1695 3657 1726 3694 44
1747 3639 1825 3694 leudo

142 3721 306 3789 2441242444,
325 3725 424 3793 partim
443 3743 476 3778 44
496 3724 619 3803 44441214,Ι
635 3723 872 3794 quihusooncessn
893 3737 963 3797 pote·
1013 3729 1243 3802 percipiendorum
1262 3740 1305 3783 aut
1322 3727 1495 3782 servitiorum
1515 3723 1730 3796 praestandornm
1743 3744 1757 3777 a
1770 3742 1827 3778 ras·

31 3815 33 3826 '
141 3824 192 3864 4244
218 3827 270 3878 pro
291 3809 380 3862 lubitu
399 3809 432 3862 de
450 3810 593 3878 conjugum
617 3808 762 3880 disponere
784 3809 879 3875 honis,
897 3811 964 3863 alias
1012 3817 1077 3867 44114
1094 3813 1247 3870 contractis.
1265 3811 1302 3866 Ea
1320 3811 1394 3864 enim
1413 3827 1540 3882 personne
1556 3809 1660 3862 44444111
1680 3809 1827 3872 inhaerent,

33 3927 35 3935 ι
143 3895 326 3963 injungeretur
345 3892 408 3946 24421
428 3894 470 3946 442
490 3893 620 3946 rationem
646 3894 759 3948 reddere
782 3896 961 3963 mulieribus,
1010 3909 1039 3952 et
1056 3899 1126 3952 nihil
1146 3895 1271 3952 utilitatis
1291 3893 1388 3950 exinde
1408 3893 1562 3948 adiendum
1580 3892 1830 3957 redundat‚etser·

31 4019 33 4026 .
143 3979 243 4050 partim
262 3995 295 4032 ne
313 3979 439 4031 mulieres
458 3995 491 4030 ex
511 3978 700 4044 matrimonio,
723 3981 793 4049 quod
818 3980 962 4036 larorahile
1010 3985 1075 4038 41214
1092 3981 1127 4038 414
1146 3981 1265 4042 fruetus,
1284 3997 1350 4051 quos
1368 3979 1498 4048 percipit,
1517 3977 1595 4032 dehet
1613 3989 1825 4048 praestarem-

32 4115 35 4125 ,
142 4065 212 4134 ipsis
231 4079 289 4116 esse
306 4063 400 4126 debet,
419 4064 539 4114 sentiant
563 4065 688 4130 jacturam
713 4076 792 4134 atque
811 4065 958 4121 1444444444-
1014 4070 1103 4122 sallus.
1127 4064 1220 4136 Carpe.
1236 4085 1264 4132 p.
1285 4075 1309 4116 2.
1327 4081 1350 4116 4.
1372 4063 1458 4116 tud
1484 4073 1527 4116 44.
1548 4064 1653 4114 2144244.
1680 4063 1745 4116 Ρ242.
1763 4063 1781 4115 l.
1802 4075 1826 4116 2.

144 4147 219 4204 dum.
234 4151 308 4218 Quae
318 4149 408 4202 omnia
429 4160 503 4201 extra
522 4147 632 4200 duhiusn
653 4160 730 4214 sont,
749 4151 962 4206 414444414244-
1011 4173 1037 4226 p.
1057 4165 1079 4206 4.
1100 4169 1128 4204 n.
1149 4163 1173 4206 2.
1191 4149 1279 4220 dep.
1299 4149 1323 4202 d.
1345 4160 1387 4202 22.
1406 4169 1434 4201 n·
1455 4158 1497 4200 42.
1516 4145 1633 4199 Berlich.
1649 4165 1667 4216 p
1701 4159 1725 4200 2.
1739 4149 1825 4202 conci.

31 4271 33 4280 .
142 4235 176 4288 ut
195 4233 303 4288 vassalli
327 4231 394 4285 liliis
418 4233 538 4301 quaestio
557 4233 614 4296 sit,
633 4237 679 4304 qui
698 4251 758 4288 eum
778 4236 904 4290 haeredes
923 4239 960 4292 ti·
1013 4253 1054 4293 ss.
1075 4259 1101 4293 n.
1122 4251 1163 4292 24.
1181 4237 1263 4290 Kohl.
1280 4253 1355 4291 4444.
1370 4245 1394 4288 2.
1407 4253 1433 4288 re
1451 4247 1490 4287 44.
1506 4234 1657 4287 sectandum
1675 4252 1753 4306 qulam
1766 4237 1827 4304 opi-

141 4322 196 4374 mul
220 4329 301 4382 4442,
325 4327 449 4371 24444244
472 4318 505 4370 ad
531 4317 627 4372 luctum
647 4337 676 4372 44
693 4321 855 4390 promissum
881 4324 963 4392 patris
1011 4329 1119 4378 trionem
1138 4321 1249 4392 pecunia
1268 4329 1359 4374 mutuo
1377 4329 1482 4389 sumpta
1503 4319 1608 4374 ratione
1634 4321 1827 4385 seruitiorum,

143 4403 340 4476 praestandum.
362 4403 412 4456 Sed
431 4402 505 4456 idem
523 4420 577 4456 non
601 4421 683 4472 aequm
707 4407 808 4474 agnatis
833 4409 962 4478 applicari
1011 4411 1051 4462 uti
1070 4410 1121 4474 jum
1140 4407 1207 4458 solet
1229 4403 1340 4474 pecunia
1364 4419 1412 4474 pro
1440 4403 1502 4456 istis
1529 4404 1647 4458 seruitiis
1671 4410 1825 4470 numerari,

31 4495 33 4548 J
144 4489 234 4551 44142,
260 4503 373 4556 quorum
399 4501 432 4538 44
458 4485 549 4555 prima
573 4483 732 4540 inrestitura
755 4487 906 4558 dependens
924 4493 964 4557 jus
1013 4510 1064 4546 uon
1083 4489 1222 4544 4424444414
1240 4489 1309 4542 24442
1326 4488 1396 4542 14244
1415 4487 1505 4540 41414224
1524 4484 1638 4542 2444414214
1647 4507 1658 4550 ‚·
1678 4490 1827 4559 tuus,qnia

31 4625 32 4642 χ
144 4568 321 4634 2444244442,
346 4587 424 4641 quam
450 4581 481 4624 ut
505 4569 575 4622 24424
600 4571 702 4624 vassalli
728 4573 814 4640 possit
839 4571 963 4641 infringi.
1012 4576 1119 4629 servitia
1139 4572 1266 4627 militaria
1291 4571 1448 4641 praestanda
1464 4587 1498 4624 es
1518 4569 1670 4632 2444212444,Ι
1690 4582 1745 4624 tum
1763 4575 1825 4644 quia

145 4657 196 4711 rid.
221 4655 345 4727 Carpant.
366 4673 397 4726 p.
416 4665 440 4706 2.
458 4673 481 4708 c.
502 4665 544 4706 44.
563 4655 589 4708 d.
609 4667 633 4707 4.
658 4653 753 4724 infin.
779 4655 960 4711 Dn.1³reeses
1010 4660 1198 4729 principaliter
1216 4657 1245 4708 142
1265 4657 1384 4708 4141412444
1409 4655 1443 4706 oh
1467 4655 1570 4708 domini
1596 4655 1739 4708 utilitatem
1758 4674 1822 4710 oon·

145 4758 176 4800 tr.
194 4749 233 4802 de
248 4761 364 4800 4444444.
387 4743 423 4797 nb
447 4742 536 4796 intest.
554 4759 577 4795 c.
597 4752 620 4792 4.
640 4751 691 4795 ort.
713 4751 738 4792 2.
755 4739 780 4812 5
800 4753 840 4795 44.
857 4741 888 4793 ln
909 4744 959 4795 Po·
1012 4753 1139 4806 244424444
1153 4753 1207 4795 tum
1221 4741 1282 4812 quin
1297 4740 1380 4808 magia
1393 4738 1535 4792 dicendum
1557 4738 1732 4808 provinciale,
1745 4759 1825 4810 quarn
1929 4751 1932 4757 “

146 4832 267 4887 merania
285 4847 348 4884 4444
367 4829 418 4879 1444
436 4825 552 4879 44244244
574 4827 653 4880 etiam
673 4818 845 4893 'artgmentum
870 4825 961 4892 dotis,
1013 4827 1131 4888 244441414,
1147 4827 1209 4895 quia
1229 4822 1411 4895 principaliter
1429 4839 1532 4876 tersum
1553 4823 1582 4876 iu
1602 4823 1766 4888 utilitatem,
1788 4836 1827 4880 to-

144 4921 192 4974 der
217 4915 297 4970 dritte
317 4911 439 4984 Pj'ennip
469 4912 671 4980 Verberserunp
695 4909 742 4962 des
764 4907 961 4973 Ero-oetan,
1013 4913 1067 4963 tius
1091 4909 1262 4980 provinciam
1290 4907 1327 4961 uti
1352 4907 1485 4974 eleganter
1511 4907 1629 4976 loquitur
1653 4906 1777 4976 Carpaor.
1796 4912 1823 4963 d.

143 5001 214 5071 qnod
233 5017 265 5054 es
286 4998 363 5052 leudo
382 4997 560 5057 soluendum.
579 5013 629 5048 non
649 4994 771 5048 obstante
790 4993 963 5046 haereditatis
1012 5012 1087 5049 oner.
1106 4991 1253 5062 uos-scum
1272 4992 1328 5046 deo.
1349 5001 1374 5042 4.
1389 5007 1448 5062 pos.
1468 5001 1492 5042 2.
1510 5008 1536 5042 n.
1559 5003 1599 5042 24.
1618 4999 1645 5043 42
1656 5007 1731 5062 seqq.
1751 4993 1829 5062 Quod

144 5086 343 5158 amplitudine,
362 5085 451 5138 444441.
473 5093 515 5138 42.
534 5093 553 5135 2.
572 5093 599 5134 2.
615 5083 653 5134 124
672 5080 819 5148 judicatum
837 5079 868 5130 in
886 5095 961 5133 44444
1013 5097 1061 5148 per
1079 5095 1209 5132 recessum
1229 5077 1332 5130 March.
1350 5076 1377 5128 d.
1397 5095 1423 5128 a.
1447 5087 1522 5128 4244.
1541 5081 1563 5138 §-
1583 5085 1626 5128 22.
1644 5075 1722 5127 aliter
1740 5078 1827 5132 44144-

142 5171 285 5228 Christian
299 5165 493 5235 Montenffels,
507 5178 595 5218 eontm
607 5167 688 5218 Hunc
700 5161 880 5232 Monteuffels
898 5163 961 5216 2222-
1012 5165 1072 5226 2442,
1085 5161 1186 5216 44414244
1208 5163 1249 5216 Es
1268 5176 1375 5220 4444444
1388 5158 1462 5212 donn
1481 5159 1570 5214 4242224
1577 5155 1726 5225 ι2444424114,
1741 5158 1783 5211 414
1795 5179 1828 5214 su

145 5259 247 5314 44444441
263 5253 524 5308 rectator-Maeones
535 5250 563 5301 244
577 5249 722 5302 2244424424
734 5250 865 5303 electorali
879 5248 905 5303 42.
922 5257 960 5302 22.
1011 5249 1170 5314 Bastettunp
1180 5246 1225 5300 der
1238 5243 1456 5300 Rosa-Dierna.

147 5341 241 5394 martii
251 5357 329 5394 anno
347 5349 424 5391 test.
439 5337 481 5390 1414
494 5335 598 5389 rerhis:
617 5335 667 5390 024
683 5335 885 5401 Verdesserunp
895 5337 964 5388 41444·
1048 5332 1109 5386 Pari
1122 5333 1198 5386 modo
1210 5330 1416 5393 meliorationes,
1432 5345 1537 5396 magnas
1549 5344 1600 5380 nnn
1615 5327 1739 5394 modicas,
1753 5346 1828 5396 egna-
1865 5330 1895 5371 ²⁴

149 5423 213 5492 4424
230 5421 384 5478 Ede-Geld
400 5419 484 5474 ollein
503 5419 631 5474 eosdm
649 5417 724 5471 lehn
739 5439 773 5472 44
785 5417 943 5471 4444142244.
1011 5427 1068 5480 244,
1085 5417 1126 5470 441
1144 5416 1241 5479 etiam,
1261 5414 1291 5468 in
1307 5431 1369 5468 casu
1388 5423 1542 5484 aperturae,
1562 5413 1687 5466 dominus
1707 5412 1828 5466 haeredi·

83 5520 112 5564 ts
182 5505 304 5590 ’24442444
325 5505 410 5556 locum
429 5502 529 5555 debitis
554 5501 609 5552 illia
627 5499 776 5554 feudalibus
795 5501 960 5569 assignamus
1012 5500 1060 5552 bus
1081 5499 1250 5554 allodialihus
1276 5497 1415 5552 restituere
1441 5498 1536 5561 dehet,
1555 5507 1601 5550 aut
1626 5508 1654 5552 ut
1677 5497 1738 5550 illue
1757 5497 1830 5550 4424-

146 5593 257 5657 quaein
276 5589 348 5644 leudi
369 5586 508 5640 utilitatem
527 5598 550 5639 et
570 5587 775 5638 emolumentum
796 5603 810 5636 a
829 5586 958 5648 44444114,
1012 5595 1104 5638 444244
1127 5583 1182 5655 pati
1208 5583 1294 5638 dehet.
1318 5585 1389 5636 11144.
1414 5583 1515 5636 levam.
1535 5583 1615 5638 424222.
1632 5600 1655 5638 e.
1675 5594 1697 5633 2.
1718 5602 1745 5634 n.
1768 5594 1827 5636 442.

148 5691 178 5730 44
195 5679 385 5746 contrahente,
405 5687 465 5732 sunt
482 5689 566 5730 tersa.
584 5671 666 5742 Cujus
689 5671 819 5730 terrionis
838 5671 959 5743 probatio
1018 5669 1112 5740 Carpe.
1128 5687 1156 5739 p.
1177 5681 1199 5723 t.
1217 5687 1240 5721 o.
1261 5679 1302 5722 42.
1320 5667 1346 5722 41.
1367 5681 1389 5721 2.
1408 5667 1461 5721 Du.
1481 5665 1582 5722 Brunn.
1602 5669 1638 5732 nd
1656 5666 1674 5718 l.
1695 5677 1735 5720 44.
1745 5665 1786 5737 ff.
1800 5669 1825 5722 d.
