4228 6240
332 239 384 316 327
483 284 488 296 .
894 228 1085 289 ntsrurtr.
1100 227 1150 287 Vl.
1167 225 1284 286 CAPUT
1300 225 1350 286 IV.
1867 219 1923 276 sss

276 337 470 402 uuum,
488 349 544 390 usn
560 347 624 391 vero
635 325 784 385 soetstm
795 327 963 384 mascribsrs
974 325 1099 395 voluisse,
1149 327 1316 390 sustinuisti,
1334 336 1422 396 grates
1439 324 1522 381 offero
1544 323 1733 397 sempiternas:
1758 317 1834 392 qud
1855 328 1902 376 tus
1919 317 1979 378 sul·

279 421 392 493 unqua
410 417 519 488 iugenio
536 413 664 470 nonnihil
682 411 912 468 iutlttbisss.'l“rbi
925 409 1101 480 semeptisis
1148 406 1230 463 initas
1253 407 1352 465 auxilie
1375 420 1403 463 st
1431 409 1495 464 huie
1518 411 1552 464 ds
1575 410 1650 482 alapa
1673 407 1808 462 exercitio
1835 405 1977 478 imponere

277 505 415 568 sitiam,
433 503 478 572 qul
498 515 603 556 mm
626 495 773 558 innocens,
792 493 993 564 patientissima
1015 502 1103 544 unsa
1146 493 1223 548 sales

277 574 1102 662 stipis,ttsgn,tmttpssuorteupmmbispsu
1466 570 1656 628 ΗΝΕΜ.

827 749 1163 826 urseuramo
1189 749 1429 826 stamma

488 937 611 1052 Μ
680 933 1202 1050 uttuttuuutt
1269 933 1762 1055 uuuuutttts

883 1163 939 1206 uu
961 1159 1090 1206 AUGUST-
1113 1159 1197 1206 ΔΕΜ)
1220 1161 1379 1206 {muss-

924 1323 1324 1366 neuun-usur!

742 1453 1049 1527 Ennusro
1098 1456 1515 1528 SCHMETTAU.

852 1632 1408 1680 ι--ψ-ο

942 1785 1315 1881 resceperunt.

288 1985 510 2118 Rumonem
533 2043 745 2135 negotiorum
769 2035 981 2130 publicorum
1005 2029 1097 2097 baud
1121 2053 1195 2098 raro
1218 2031 1255 2098 in
1280 2033 1406 2124 privata
1430 2047 1605 2126 penetrare
1628 2055 1779 2110 musam,
1806 2043 1840 2096 et
1866 2030 1980 2098 bumi-

290 2131 337 2198 lla
364 2159 540 2232 provocare
562 2133 721 2224 ingenia,
746 2127 892 2196 modeste
915 2121 1077 2214 profiteor.
1101 2121 1237 2188 Tenues
1260 2146 1320 2214 ego
1344 2125 1472 2214 ingenii
1501 2125 1736 2216 exploraturus
1766 2123 1878 2204 vires,
1906 2145 1977 2210 spe·

292 2223 401 2298 clmen
427 2225 564 2317 aliquod
590 2223 743 2314 publicae
766 2213 975 2286 ventilationi
1000 2211 1203 2278 committere
1226 2215 1375 2278 animum
1406 2213 1614 2281 induxeram.
1638 2211 1866 2280 Percurrebat
1890 2233 1981 2276 mens

220 2325 225 2336 '
292 2321 435 2388 sollicite
458 2317 596 2408 spatiosa
623 2313 705 2403 juris
728 2308 831 2375 nostri
857 2303 1042 2381 volumina,
1068 2323 1126 2364 uec
1149 2301 1337 2368 offendebat
1361 2305 1545 2385 materiem,
1568 2303 1655 2394 quin
1684 2325 1717 2368 se
1742 2301 1843 2366 toties
1867 2301 1975 2366 toties·

321 2435 362 2476 ue
390 2408 473 2474 lacta
506 2403 725 2472 ventilatione
752 2405 927 2464 excusaret.
956 2390 1094 2480 Quippe
1122 2389 1238 2456 iisdem
1268 2404 1397 2464 erratur
1427 2395 1462 2458 in
1492 2393 1631 2459 fidibus:
1661 2415 1702 2458 ex
1729 2389 1850 2456 eodem
1876 2387 1976 2456 Baldo

292 2435 487 2590 iamneque
509 2491 611 2560 iidem
634 2515 729 2560 casus
744 2485 842 2554 modo
857 2483 921 2550 sub
937 2481 1016 2558 boc,
1042 2475 1137 2542 modo
1159 2477 1222 2544 sub
1245 2478 1310 2544 alio
1332 2482 1624 2572 conglomerantur
1647 2479 1763 2546 titulo.
1790 2479 1974 2544 Instabam:

294 2589 456 2659 crambeu
480 2584 615 2674 saepius
638 2598 779 2659 coctam,
797 2577 840 2640 ab
863 2572 978 2639 iisdem
1001 2584 1112 2633 tamen
1136 2590 1202 2632 non
1227 2571 1429 2658 appositam
1453 2597 1513 2638 nm
1536 2571 1695 2650 docendi,
1718 2569 1778 2635 sed
1803 2565 1977 2635 exercendi

321 2680 403 2746 ratis
428 2675 604 2744 Themidis
626 2671 756 2763 pulpita
781 2662 922 2756 juvenili
945 2656 1030 2746 pede
1052 2655 1239 2722 conscendi.
1264 2657 1329 2726 Nec
1350 2662 1544 2730 erubescere
1568 2675 1716 2754 tyronem
1742 2658 1879 2738 iisdem,
1902 2657 1977 2748 qui-

296 2703 364 2840 lus
387 2765 648 2860 praedecessores
670 2757 796 2835 adulti,
821 2750 979 2844 tyrocinia
1004 2745 1173 2812 absolvere
1195 2749 1306 2812 armis.
1324 2749 1418 2817 luter
1441 2752 1519 2819 haee
1542 2753 1698 2841 ambigua
1724 2747 1903 2814 fluctuanti
1929 2751 1979 2835 jus

292 2859 475 2953 publicum
501 2851 743 2947 justinianeum
766 2865 862 2908 aures
886 2837 1058 2938 vellicare,
1082 2847 1115 2900 et
1139 2859 1259 2902 merces
1283 2863 1359 2905 suas
1382 2865 1557 2930 exponere.
1583 2842 1655 2932 Ego
1683 2839 1848 2905 attonitus
1872 2836 1975 2928 primo

298 2949 446 3018 demissis
468 2943 573 3011 oculis
596 2937 644 3005 rei
675 2935 867 3028 gravitatem
897 2947 1067 3007 veneram,
1090 2937 1123 2990 et
1147 2949 1274 2992 mecum
1305 2931 1486 3018 pensitare:
1512 2927 1695 3022 numquid,
1723 2929 1749 2992 si
1782 2929 1835 2994 bis
1866 2927 1973 2992 lialcem

299 3039 484 3116 ltnmiseto,
507 3053 584 3100 cnm
607 3023 726 3092 Protea
751 3025 874 3114 jurene
897 3015 938 3080 de
962 3013 1058 3079 Alex.
1083 3037 1127 3078 m.
1144 3029 1344 3102 perorante,
1362 3043 1477 3108 magna
1502 3033 1629 3087 tentare
1653 3016 1789 3083 audiar?
1807 3015 1974 3082 Praestare

298 3131 460 3221 privatum
488 3135 615 3186 nectere
639 3115 756 3193 telam,
781 3107 908 3202 quibus
932 3103 1058 3260 lastigie
1083 3105 1215 3194 publica
1241 3131 1305 3172 non
1332 3107 1394 3172 nisi
1419 3110 1610 3200 subspicere
1633 3108 1762 3174 datum,
1780 3105 1861 3172 Mox
1885 3101 1973 3169 utili.

300 3231 348 3284 tas
372 3207 575 3306 reipublicae
598 3201 738 3296 gradum
762 3221 928 3278 revocare,
952 3207 982 3258 et

299 3303 414 3374 tnttttis
437 3295 560 3368 tabulis
584 3295 748 3360 insertum
773 3287 878 3358 voluit
900 3285 968 3375 ipsa
993 3287 1152 3373 majestas.
1179 3283 1270 3350 Dum
1296 3283 1356 3351 bae
1380 3290 1592 3378 cogitationes
1613 3311 1764 3353 animum
1792 3285 1974 3349 districtum

298 3407 427 3476 renent,
461 3385 578 3454 militis
610 3381 766 3473 undique
798 3375 1096 3467 appropinquantis
1128 3375 1270 3464 strepitu
1296 3375 1541 3467 interrumpor3
1566 3375 1874 3470 ingravescentibus
1903 3371 1975 3436 binc

299 3477 445 3578 querelis
470 3471 785 3552 transmittentium,
808 3468 891 3533 elata
916 3465 995 3528 inde
1020 3486 1097 3528 voce
1120 3465 1375 3530 transeuntium.
1401 3465 1584 3560 Investigo,
1609 3465 1779 3557 numquid
1805 3461 1973 3551 dispositio

301 3571 385 3666 iuris
410 3561 536 3660 publici
564 3559 759 3652 justinianaei
782 3557 825 3624 de
849 3555 908 3622 boc
931 3552 1064 3620 sollicita
1089 3554 1144 3620 sit.
1161 3554 1383 3645 Ogganniunt
1406 3556 1481 3636 alii,
1499 3559 1586 3649 leges
1601 3559 1627 3623 si
1645 3581 1730 3648 quae
1748 3567 1885 3632 extent,
1901 3571 1971 3616 cum

298 3673 386 3732 statu
412 3649 617 3746 reipublicae
639 3673 706 3718 esse
728 3645 891 3739 sepultas,
906 3667 965 3708 nec
988 3643 1062 3708 sine
1086 3647 1209 3732 jactura
1235 3646 1391 3734 temporis
1414 3663 1447 3710 et
1470 3646 1592 3714 laboris
1617 3648 1653 3712 iu
1678 3651 1750 3736 jure
1774 3641 1976 3735 justinianeo.

299 3743 471 3820 tttodulum
497 3739 613 3832 quaeri
639 3737 725 3806 bisce
748 3733 976 3806 controversiis
998 3732 1209 3799 dimetiendis
1233 3752 1359 3822 aptum.
1376 3734 1544 3841 Coniugio
1569 3737 1610 3803 ad
1634 3735 1765 3824 imperii
1794 3730 1897 3800 uestri
1918 3751 1973 3792 au-

323 3852 410 3903 ustas
434 3829 704 3912 constitutiones,
727 3841 760 3894 et
783 3821 1052 3916 deprehendens,
1079 3823 1157 3888 baec
1179 3821 1247 3888 duo
1270 3825 1354 3914 juris
1386 3826 1510 3914 publici
1542 3827 1643 3893 fulcra
1674 3823 1751 3890 huic
1781 3821 1876 3888 oneri
1900 3838 1973 3883 con·

318 3925 441 3994 mistim
465 3917 630 4000 sullicers,
654 3917 796 3986 dubium
822 3911 905 3982 illud
929 3911 1079 4001 explodo.
1104 3911 1256 3978 Dubium
1280 3915 1468 4004 excipiebat
1490 3915 1687 3996 dillicultas,
1710 3915 1769 4002 qui
1802 3913 1891 3976 enim
1917 3929 1975 3995 pu·

326 4015 397 4082 licis
422 4031 554 4078 tnsttum
581 4005 800 4100 applicarem,
823 4026 926 4096 quent
951 4001 1077 4092 privata
1102 3999 1199 4105 longe
1219 4001 1352 4092 lateque
1375 4023 1531 4092 superant
1554 4005 1674 4071 studia.
1692 3996 1973 4068 Accedebathto·

298 4125 374 4174 rum
410 4099 648 4194 plerorumque
680 4097 783 4164 altum
814 4093 856 4160 de
881 4091 1019 4158 transitu
1045 4090 1178 4156 militari
1204 4091 1389 4160 silentium.
1415 4095 1587 4162 Deficienti
1610 4093 1671 4160 sub
1701 4092 1753 4158 his
1773 4085 1973 4155 difficultati·

299 4191 361 4264 lttrt
382 4189 569 4282 l'rtuptentia
597 4207 728 4278 praxeos
747 4181 901 4286 frigidam
919 4178 1128 4260 suffundere,
1143 4198 1177 4245 et
1198 4179 1385 4249 difficultati
1404 4186 1451 4250 rei
1477 4183 1632 4251 facilitate
1647 4181 1866 4246 excusationis
1883 4175 1971 4241 blan·

299 4277 364 4348 diri
389 4279 506 4370 serpit.
537 4275 710 4346 liluctatus
733 4270 874 4366 proinde
897 4269 975 4336 baec
997 4267 1100 4333 dubia
1124 4269 1164 4334 ad
1190 4295 1257 4336 rem
1283 4273 1389 4360 ipsam
1414 4299 1466 4339 me
1489 4275 1636 4364 accingo,
1662 4271 1883 4360 vestigiaque,
1901 4263 1972 4354 qui·

299 4369 362 4444 ltus
387 4369 588 4448 insisterem,
613 4385 746 4458 quaero.
772 4361 935 4428 Percurre
960 4359 1042 4448 juris
1065 4359 1168 4424 nostri
1195 4360 1410 4452 interpretes,
1434 4363 1537 4430 multa
1558 4363 1599 4428 de
1622 4359 1741 4454 glande
1765 4351 1971 4450 legenda,dc

299 4459 409 4528 tritico
434 4455 555 4548 legero,
580 4453 621 4520 de
647 4451 787 4520 transitu
813 4449 928 4515 militis
953 4449 1009 4512 vix
1032 4447 1163 4539 aliquid
1189 4453 1326 4540 reperio.
1352 4451 1404 4518 De
1429 4451 1669 4519 recentioribus
1693 4449 1768 4537 plus
1792 4449 1855 4514 srbi
1881 4441 1970 4536 polli-

299 4549 360 4616 citu
386 4569 457 4612 strs
482 4545 583 4614 l'erme
607 4541 789 4610 frustratur
812 4539 936 4604 eadem.
960 4535 1086 4603 Parum
1110 4536 1312 4628 deprehendi
1338 4555 1466 4632 praeter
1498 4539 1655 4608 Schell'eri
1682 4537 1877 4606 bedenclen
1905 4553 1968 4598 eon

299 4569 543 4726 Ituralmgm,
567 4629 624 4698 du.
649 4629 767 4736 Bsyeri
791 4628 918 4694 dissert.
943 4625 984 4692 de
1008 4625 1148 4692 transitu
1176 4629 1272 4694 milit.
1297 4629 1365 4720 Qui
1390 4631 1486 4698 ambo
1518 4631 1684 4720 politicam
1710 4627 1966 4720 disquisitionem

299 4727 341 4794 dn
365 4725 479 4792 dubito
504 4721 646 4792 trensitu
672 4743 728 4789 rrx
753 4714 1004 4786 transcendunt.
1033 4715 1200 4784 Encomiis
1232 4719 1302 4786 suis
1324 4719 1547 4786 defraudando
1582 4743 1649 4785 non
1682 4733 1776 4800 sunt,
1799 4740 1884 4806 quae
1909 4712 1966 4778 dn·

303 4811 517 4894 illinitur,
541 4835 642 4904 quem
666 4811 753 4878 iuter
776 4809 948 4897 scriptores
982 4805 1159 4872 hodiernae
1195 4831 1331 4897 praxeos
1363 4810 1516 4898 publicae
1550 4811 1735 4876 nominasse
1767 4805 1902 4886 suflicit,
1927 4801 1965 4864 de

301 4905 440 4976 transitu
465 4903 613 4970 militum
663 4895 846 4966 raecedenti
870 4917 959 4962 atino
980 4893 1133 4984 collegit,
1150 4913 1183 4961 et
1206 4897 1335 4986 publica
1354 4899 1425 4964 luce
1440 4897 1587 4966 donavit,
1608 4898 1710 4964 Multa
1734 4915 1842 4962 samen
1867 4897 1966 4984 ipsum
2049 4905 2052 4916 ’

301 4993 413 5064 studio
438 4991 611 5084 reliquisse
636 4922 862 5080 deprehendo,
886 4984 1015 5074 quibus
1039 4983 1147 5047 aliena
1181 4987 1328 5053 collocari
1361 4987 1463 5077 possit
1493 5011 1605 5078 opera.
1630 4987 1760 5053 Scrinia
1783 4992 1859 5076 ejus
1880 5009 1895 5048 a
1919 4999 1966 5044 me

299 5081 473 5176 cutttpilnte
499 5103 565 5148 non
590 5101 659 5146 etse
673 5127 682 5158 ,
705 5075 836 5146 collatio
859 5074 1015 5141 dubitare
1040 5094 1106 5136 uon
1131 5076 1236 5161 siuet3
1260 5099 1320 5142 nec
1344 5077 1521 5166 producam
1547 5078 1620 5143 sine
1643 5076 1835 5142 laudatione
1865 5082 1965 5138 aucto·

301 5171 363 5254 ris,
387 5193 474 5264 quas
498 5169 576 5236 iude
601 5179 721 5234 mutuo
742 5177 886 5320 sumpta.
909 5164 1030 5230 Totam
1053 5161 1202 5255 denique
1225 5168 1398 5232 materiam
1424 5189 1489 5232 non
1512 5164 1701 5246 decidenti,
1724 5164 1781 5230 sed
1804 5166 1875 5230 aliis
1896 5157 1965 5226 sali·

302 5283 373 5330 vent
409 5258 559 5326 movendi
593 5280 691 5326 ctusa
726 5257 917 5324 sentiacam
950 5249 1062 5330 crede,
1087 5263 1121 5315 et
1153 5256 1180 5320 si
1203 5254 1352 5320 studium
1377 5268 1527 5346 respectu
1550 5255 1727 5347 dignitatis
1751 5255 1797 5320 rei
1823 5253 1965 5319 vilescere

299 5349 471 5452 corispicis,
497 5347 620 5438 cogita,
644 5369 712 5416 esse
735 5346 927 5412 exercitium
952 5339 1188 5410 academicum.
1214 5344 1309 5410 Hisce
1333 5345 1485 5412 lectoiem
1510 5343 1706 5412 benevolum
1734 5343 1836 5420 volui,
1861 5363 1901 5407 ne
1922 5350 1965 5401 tr·

300 5441 461 5506 nterttutis
485 5455 557 5506 nuta
585 5461 636 5506 ma
659 5447 826 5504 oneraret.
852 5431 1025 5524 Supplices
1050 5453 1182 5518 marrus,
1206 5457 1289 5525 quas
1313 5457 1372 5524 pro
1397 5435 1586 5502 facilitaudu
1614 5435 1726 5503 labore
1752 5433 1794 5500 ad
1822 5431 1962 5500 clirinuat

300 5527 432 5596 Numen
455 5545 605 5598 extensas
629 5529 742 5612 tsuui,
768 5547 860 5592 nunc
883 5521 1061 5612 adipsum
1085 5545 1169 5615 opus
1192 5522 1345 5590 demitto.

1023 3207 1117 3268 route
1132 3214 1318 3284 exporrecta
1336 3194 1369 3261 id
1386 3201 1518 3289 aggredi
1545 3195 1762 3301 pubem-quod
1792 3196 1877 3286 juris
1891 3215 1975 3258 eom·
