4228 6240
536 8 545 10 ..
651 6 655 10 ι
746 3 757 5 “
794 2 806 11 Ἰ
828 2 844 11 Ι*
889 0 892 1 ’
910 1 913 3 ’
935 0 946 1 7

151 11 210 28 w.
220 7 541 54 *rvr-ww'rr‘v'a-v'
576 4 628 58 r:
682 4 717 15 vv
835 29 852 68 Ι.

14 13 52 60 Ι
68 13 90 56 ΙΙ
297 61 301 68 .

210 329 287 388 inr‘
674 324 725 380 nt
742 319 870 380 dbil’ss
886 317 1002 379 clusa
1021 317 1244 386 membru,
1262 331 1324 376 erc.
1734 325 1794 382 ’ὅση

77 435 107 483 tt
149 447 215 486 poen
233 423 433 490 seinos-liam
454 425 621 502 expeneulla
647 421 739 492 inquit
769 423 911 476 brnisaeus
941 419 974 472 de
1021 433 1117 487 quens.
1135 413 1178 484 (t)
1197 415 1294 486 Neqari
1312 412 1421 510 quidem
1441 415 1550 486 nequit,
1569 435 1691 472 errorem
1708 419 1739 474 ira
1758 433 1847 493 perant

146 517 213 590 iure
223 516 341 572 ιιιιιιιιιό.
355 535 379 572 e.
393 529 417 568 s.
427 526 491 570 rect.
506 533 533 568 n.
550 525 591 567 ts.
609 512 756 574 discimus,
769 510 859 562 nullos
878 523 972 578 pueru-
1023 519 1056 554 na
1075 501 1247 598 opmuaissutn
1268 515 1319 552 non
1344 498 1459 598 labetare
1471 501 1517 598 'ab
1531 501 1702 602 injurium
1726 507 1848 604 actione,

151 617 211 656 rom
226 602 370 670 insperata
388 601 494 655 licentia
512 597 630 652 deterius
642 593 797 664 corrumpi,
816 610 894 662 quaro
908 607 973 660 quos
1023 596 1127 655 qnotses
1142 599 1246 636 ruamus
1265 583 1377 635 aiterum
1397 583 1546 652 auqurranrlr
1565 584 1663 638 adluat.
1681 587 1792 640 luterem
1808 600 1849 643 ta·

151 685 255 740 Orbilii
276 685 375 740 ierulae
394 685 478 740 nirnis
496 699 584 737 serere
603 686 784 734 coercuerunt.
814 677 884 744 Ergo
915 691 974 728 curn

151 771 208 824 sint
227 779 410 842 praeceptores
422 769 509 821 instar
528 775 686 837 parentum,
706 777 836 816 memores
853 775 911 814 ease
930 758 974 811 de·

151 854 236 916 bent,
255 855 375 924 ipsorum
394 860 551 922 potestatem
567 865 621 902 non
640 848 670 900 in
689 845 843 910 atrocitate,
858 841 904 896 aeti
918 845 974 912 pis·

152 948 208 994 tate
225 937 342 1007 positarn
362 952 433 1000 esse,
451 934 550 1005 iuxtal.
564 929 633 1001 eff.
646 931 685 984 ιιι
696 932 715 984 l.
729 928 854 998 Pompsj.
867 926 900 980 de
912 941 976 996 por·

150 1020 231 1080 rieid.
251 1021 291 1072 bn
310 1037 372 1072 reru
391 1019 514 1088 magister
534 1019 563 1072 in
582 1015 737 1084 castigando
756 1013 865 1068 modum
886 1030 975 1066 exces-

1024 683 1086 720 rnen
1105 667 1167 737 quia
1185 666 1273 734 gravis
1293 665 1393 734 injuria
1413 667 1574 737 requiritur,
1590 679 1621 722 nt
1632 666 1705 724 filins
1721 673 1847 730 exhaere-

1024 751 1081 804 dari
1101 751 1187 822 possit
1205 751 1233 802 in
1253 748 1280 802 d.
1293 767 1321 802 n.
1337 761 1393 805 ιιι.
1404 768 1427 804 e.
1441 762 1465 805 ι.
1484 751 1571 820 qualis
1591 754 1639 806 boc
1656 769 1718 810 casu
1730 775 1784 810 non
1797 771 1847 825 est,

1025 837 1120 890 mitior
1139 835 1168 888 in
1187 835 1270 889 dubio
1288 833 1409 904 eligenda
1427 836 1482 888 erit
1499 839 1647 904 sententia,
1673 850 1700 894 et
1723 841 1785 894 odia
1804 860 1847 898 re.

1025 921 1195 991 stringenda,
1216 939 1240 976 e.
1255 921 1329 978 odie.
1343 922 1378 975 cie
1390 939 1412 974 r.
1426 922 1443 974 i.
1456 923 1485 976 in
1499 935 1524 977 e.
1538 923 1572 978 Et
1584 925 1647 980 licet
1665 926 1783 984 inferius
1794 932 1848 985 ala·

1026 1026 1057 1077 pa
1077 1005 1149 1058 inter
1165 1015 1267 1060 atroces
1287 1007 1398 1074 injurias
1417 1006 1558 1072 reseratur,
1578 1009 1607 1062 id
1627 1022 1713 1066 tamen
1743 1015 1848 1070 intelli»

152 1105 236 1168 serit,
255 1103 370 1158 arbitrio
387 1103 485 1170 iudicis
503 1103 681 1170 relinquitur,
707 1100 801 1152 Farin.
818 1117 843 1169 q.
863 1109 920 1152 tut.
947 1117 976 1152 ιι.
1023 1089 1157 1158 flentium,
1176 1090 1199 1142 ti
1218 1089 1356 1162 alienia
1385 1093 1524 1160 proposito
1552 1102 1580 1146 et
1610 1093 1671 1150 dolo
1701 1096 1845 1169 infligatur.

156 1200 204 1242 ιιι
226 1189 280 1242 Sed
296 1205 386 1258 quaer.
404 1187 516 1257 anquis
534 1187 589 1240 sibi
608 1188 667 1257 ipse
684 1185 787 1254 alapam
800 1173 875 1236 'dare
904 1193 976 1254 pote·

152 1273 211 1326 rit?
241 1273 398 1342 lluspondeo
432 1271 639 1341 distinguendo,
659 1281 703 1322 ant
721 1269 787 1322 iacit
812 1271 864 1324 boc
886 1270 976 1322 rolen-

153 1365 208 1422 ter,
228 1365 275 1410 aut
293 1367 392 1420 coacte;
412 1353 519 1408 aiiirmu
537 1371 597 1409 aero
617 1365 730 1424 utroque
751 1352 838 1408 naotlo.
855 1355 923 1406 Nam
943 1355 975 1406 li-

151 1447 194 1490 eet
212 1439 298 1508 priori
310 1440 381 1492 casui
400 1440 506 1492 obstare
525 1440 657 1502 rideatur,
669 1439 739 1508 quod
753 1456 832 1492 uerno
847 1439 882 1491 sit
896 1457 976 1492 mean·

152 1520 262 1576 ltrcrurn
281 1539 389 1576 stantuna
410 1523 549 1588 slonrinus,
561 1523 581 1576 l.
598 1536 640 1578 ts.
647 1521 687 1591 ff.
702 1524 740 1576 nd
750 1523 769 1575 I.
782 1523 864 1594 oquii.
879 1523 922 1576 bie
937 1533 975 1575 ta·

153 1623 215 1660 rnen
236 1607 307 1658 nulla
327 1607 367 1659 ais
386 1608 494 1677 corpori
514 1607 647 1672 inlartur,
667 1607 722 1661 uisi
742 1606 811 1660 torte
830 1608 867 1662 ita
889 1607 964 1660 inteu

154 1694 234 1746 datur
253 1694 339 1755 ictus,
360 1702 388 1744 nt
408 1704 432 1747 et
451 1693 593 1763 sanguise
612 1693 722 1747 naribus
742 1693 837 1757 stillet,
850 1692 890 1744 sic
904 1693 976 1746 enin

153 1792 228 1828 sectu
247 1776 419 1829 sentiendum
439 1774 513 1830 ioret.
535 1775 678 1830 Posteriori
697 1791 760 1830 aero
779 1792 839 1828 casu
864 1773 927 1830 lauit
950 1775 976 1828 id

152 1860 182 1910 iu
203 1876 314 1930 poenam
334 1859 444 1926 jubente
462 1859 558 1926 judice.
577 1861 696 1930 Namque
721 1870 856 1931 receptum
882 1869 924 1914 est
950 1862 978 1912 in

150 1943 289 1996 nonnullis
307 1944 394 2008 louis,
414 1954 440 1998 ut
457 1945 589 2012 injurians
601 1962 660 1998 curn
676 1945 847 2015 percussione
859 1946 915 1998 oris
936 1945 978 1998 iu·

151 2027 236 2096 jurias
257 2045 379 2083 rerneare
401 2039 534 2090 teneatur,
554 2048 585 2084 er
602 2045 675 2082 muse
705 2031 772 2084 siclt.
804 2029 871 2100 nqsr
898 2031 979 2084 Huni

149 2112 279 2180 reiningen
300 2112 358 2166 und
376 2111 581 2182 wiederruffeu,
601 2113 655 2168 rid.
669 2115 766 2168 Mattb.
781 2114 896 2168 Rerlicb.
910 2133 937 2183 p.
953 2128 976 2166 ι.

151 2195 240 2248 conci.
265 2207 307 2248 et.
333 2214 361 2250 n.
390 2211 432 2252 te.
453 2200 529 2270 Quod
549 2201 572 2252 si
592 2217 654 2252 aero
670 2200 731 2270 quis
756 2217 790 2254 ex
815 2199 978 2254 contumacia

150 2277 203 2330 bne
219 2278 307 2332 iacere
326 2293 434 2346 nnual,
454 2282 540 2352 ipsius
554 2285 610 2338 rice
622 2281 745 2338 carnifici
759 2285 808 2340 hnc
826 2284 977 2340 iaciendum

154 2359 313 2416 demandari
333 2375 422 2435 potest
440 2366 518 2433 Geni,
538 2370 607 2422 Μιι.
628 2371 665 2424 nd
675 2369 724 2442 jur
747 2371 803 2426 tut.
827 2371 846 2423 l.
872 2382 897 2424 t.
914 2382 932 2424 t.
954 2382 977 2424 t.

154 2457 208 2502 oct.
226 2458 267 2500 te.
286 2467 313 2501 n.
336 2462 376 2503 tt.

191 2531 318 2584 Vidimus
338 2534 426 2605 itaque
439 2553 566 2608 personas
579 2537 737 2608 palmarias,
763 2557 830 2608 qnue
842 2549 911 2594 certo
925 2556 979 2592 rno-

153 2615 189 2668 dn
207 2619 296 2686 alapas
313 2618 388 2671 licite
407 2620 530 2690 infligere
562 2623 666 2686 ualent,
700 2640 770 2676 nnuc
800 2621 978 2689 subjiciendae

154 2710 217 2751 sunt
238 2700 315 2765 illae,
334 2701 430 2772 quibus
463 2703 513 2756 buo
541 2707 583 2772 jus
613 2706 764 2758 nullatenus
794 2707 926 2776 competit·
946 2707 979 2760 Et

152 2784 277 2852 quamvis
294 2803 346 2838 non
365 2786 485 2840 videatur
502 2804 517 2840 e
537 2805 565 2841 re
583 2807 653 2854 esse,
673 2790 829 2860 specialiter
854 2790 913 2844 illus
934 2808 977 2846 re·

154 2867 244 2932 serre,
262 2884 322 2922 carm
342 2887 446 2936 ornnes,
464 2873 509 2941 qui
524 2873 572 2926 boe
586 2875 660 2928 licite
675 2893 727 2928 non
741 2874 863 2939 iaciunt,
887 2873 983 2930 iaciant

152 2951 185 3002 id
205 2952 314 3015 illicite:
333 2963 449 3008 attamen
469 2957 589 3010 melioris
606 2959 714 3012 ordinis
734 2976 795 3028 ergo
808 2969 838 3012 et
849 2959 894 3012 hie
906 2962 980 3014 ario·

152 3052 198 3088 rna
217 3035 393 3090 ioranabinans
412 3058 425 3090 a
444 3043 579 3095 contrario
606 3059 685 3096 sensu
721 3044 789 3096 tale:
821 3047 983 3117 quicumque

154 3119 264 3172 nullum
277 3121 326 3189 jus
342 3122 459 3176 alterum
478 3126 635 3198 castigandi
658 3129 758 3192 teter,
777 3129 825 3183 ilie
843 3147 891 3184 nee
910 3131 983 3185 lieite

153 3204 245 3256 eidem
264 3207 365 3272 elopnr
383 3209 493 3280 infligit.
512 3212 607 3275 Ratio,
626 3212 688 3282 quia
709 3224 800 3282 negato
819 3231 913 3282 neuere
932 3232 978 3267 ne-

151 3299 252 3356 gantur
269 3306 362 3343 ornnes
381 3293 497 3362 speciest
515 3296 587 3365 alapa
607 3313 668 3350 sero
687 3298 789 3366 species
813 3307 853 3350 est
872 3298 980 3369 castiga-

157 3373 243 3427 tionis
263 3375 392 3428 modicas·
411 3377 454 3430 Sit
472 3393 533 3446 ergo
551 3381 711 3450 exemplum.

193 3459 236 3527 (t)
256 3461 286 3512 ln
304 3457 365 3513 filio
382 3463 428 3533 qui
448 3465 520 3518 nullu
538 3466 617 3518 ruodo
637 3477 724 3536 potest
743 3467 810 3537 patri
838 3465 901 3520 dare
924 3468 980 3520 ala·

154 3561 222 3614 pas,
242 3561 317 3598 secus
337 3547 360 3598 si
379 3547 486 3610 lecerit,
507 3549 576 3602 baud
592 3550 672 3604 dubie
686 3549 917 3605 exhaeredationis
932 3549 981 3603 lui-

154 3631 232 3685 mine
250 3629 326 3684 feriri
347 3634 506 3699 merebitur,
524 3638 585 3706 quia
604 3638 677 3707 alapa
696 3637 784 3705 gravis
804 3647 847 3690 est
866 3636 980 3705 injurie,

154 3713 198 3766 uti
230 3713 345 3770 inferius
370 3717 612 3774 demonstrabimus
637 3739 699 3788 cop·
725 3723 766 3775 ult
798 3739 825 3774 ιι.
855 3731 896 3773 et.
920 3724 980 3775 iant

158 3813 220 3852 reru
238 3810 347 3872 propter
363 3819 471 3871 gratem
490 3805 562 3874 patri
582 3806 686 3859 illatarn
706 3806 834 3868 iniuriam
848 3801 922 3858 iilius
934 3825 979 3860 ex·

159 3884 301 3939 baeredari
321 3897 406 3956 potest
423 3903 473 3958 per
491 3907 518 3940 n.
542 3898 601 3940 ιιι.
619 3907 643 3943 e.
663 3902 687 3943 t.
707 3890 751 3942 ubi
769 3891 796 3942 iu
812 3893 902 3960 specie
918 3893 981 3946 sub·

157 3967 268 4034 iieitur,
293 3970 328 4020 ob
356 3987 463 4024 ιιιιιιιιιιι
490 3971 602 4037 impiam
635 3973 707 4042 patri
742 3973 862 4038 illatam,
894 3975 980 4029 loeurn

157 4069 219 4106 esse
237 4053 458 4109 exhaeredationi.
480 4056 532 4110 Sed
551 4055 615 4125 quid
644 4057 667 4108 ai
694 4074 866 4126 percussurus
884 4059 982 4124 aliurn,

155 4147 259 4208 petrem
279 4136 374 4192 leriati
395 4141 450 4192 iioc
469 4155 530 4192 casu
549 4141 763 4194 exhaeredationi
779 4143 850 4196 locus
863 4161 915 4196 non
927 4161 984 4197 esse

155 4221 281 4286 ridetur,
300 4223 361 4293 quia
379 4241 459 4277 omne
478 4225 600 4278 delictum
622 4224 653 4276 lit
672 4241 707 4279 ex
724 4227 818 4281 anirno
846 4237 873 4280 et
898 4228 983 4281 inten-

158 4309 233 4360 tione
253 4323 305 4379 erg
330 4305 355 4379 5.
374 4319 398 4361 t.
416 4309 478 4362 inst.
498 4309 530 4364 de
549 4312 602 4364 eil.
621 4330 692 4381 puer
711 4329 747 4364 ee
766 4312 818 4364 del.
837 4329 860 4365 c.
881 4322 904 4364 ι.
917 4331 940 4364 e.
958 4324 982 4364 t.

160 4407 213 4448 etc
233 4413 275 4449 ιιι.
294 4405 336 4448 ιι.
356 4403 459 4465 quaest.
480 4405 503 4447 ι.
521 4399 574 4462 jam
595 4411 655 4449 sero
681 4394 726 4448 bin
743 4395 848 4448 animus
866 4393 982 4448 feriendi

157 4491 265 4551 patrem
284 4497 335 4532 non
355 4477 451 4532 adluit.
472 4479 537 4533 Puto
558 4489 643 4533 tamen
662 4479 854 4532 attendendum
867 4496 935 4541 esse,
948 4495 981 4532 an

155 4563 326 4634 poenitentia
345 4560 530 4632 subsequatur,
551 4581 584 4616 an
599 4579 652 4616 non
685 4565 735 4618 boc
748 4563 821 4616 eninr
836 4581 895 4616 casu
909 4579 983 4633 prae·

155 4647 302 4702 sumendus
322 4645 410 4717 potins
428 4645 478 4701 erit
496 4643 568 4698 lilius
587 4645 614 4698 tt
633 4643 728 4700 secisse
746 4648 806 4701 dolo
828 4657 856 4700 et
881 4662 895 4699 e
921 4663 983 4719 pro-

157 4733 261 4802 posito,
280 4731 361 4802 quia,
378 4739 408 4784 ut
426 4731 495 4784 actio
514 4732 600 4801 possit
619 4732 673 4784 diei
693 4733 799 4797 inrita,
827 4732 899 4786 iuter
930 4731 982 4784 alia

156 4836 261 4892 qnoque
274 4817 423 4887 requiritur
435 4817 596 4885 subsequens
607 4815 782 4886 poenitentia.
797 4815 912 4870 Obatare
923 4817 983 4886 qui·

156 4905 218 4958 dean
239 4901 344 4956 ridetur
361 4899 404 4970 (t)
422 4901 511 4969 regula
530 4901 591 4952 illa:
610 4901 714 4970 quoties
732 4899 794 4970 quis
819 4915 934 4956 versetur
953 4901 982 4954 iu

1026 1173 1113 1226 Multo
1126 1174 1210 1244 magis
1223 1191 1284 1228 rere
1297 1173 1461 1244 quaestionis
1473 1175 1576 1232 denisio
1586 1176 1731 1246 obtinebit,
1744 1183 1849 1252 quando

1025 1253 1098 1309 iilius
1117 1259 1250 1326 aliquem,
1272 1256 1342 1312 sorte
1361 1256 1490 1313 lamulntn
1519 1277 1554 1312 ex
1579 1261 1647 1328 insta
1672 1283 1749 1319 causa
1774 1268 1849 1339 alapa

1028 1352 1166 1409 percutere
1186 1342 1267 1406 uelit,
1286 1352 1315 1396 et
1332 1359 1365 1396 er
1382 1359 1474 1398 errore
1491 1355 1595 1416 patrem
1614 1345 1703 1403 ierial.
1716 1351 1761 1404 Sin
1775 1355 1850 1408 euim

1028 1422 1056 1474 in
1077 1440 1105 1476 re
1120 1425 1193 1476 licita
1216 1435 1333 1478 serratus
1352 1425 1414 1482 tuta.

1061 1505 1102 1578 (ι)
1121 1507 1175 1560 Nec
1194 1509 1293 1578 poterit
1310 1527 1425 1582 unquam
1444 1531 1512 1568 uror
1530 1515 1629 1572 ruarito
1646 1521 1748 1591 alapam
1775 1522 1847 1576 infli-

1025 1606 1102 1657 gere,
1122 1609 1185 1644 cuna
1205 1592 1267 1645 buic
1286 1594 1401 1663 subjecta
1421 1601 1475 1664 sit,
1501 1599 1642 1672 eidemque
1664 1603 1846 1661 obedientiam

1027 1673 1135 1737 debeat,
1153 1675 1227 1743 juxta
1247 1677 1334 1746 ipsius
1361 1695 1449 1732 sacrae
1471 1682 1584 1752 paginae
1608 1697 1795 1758 praeceptum,
1825 1702 1848 1748 t.

1028 1761 1104 1812 Petr.
1118 1771 1141 1814 ι.
1155 1777 1178 1812 ν.
1195 1771 1217 1814 t.
1232 1763 1330 1830 eptas.
1344 1773 1368 1813 t.
1379 1781 1402 1816 u.
1417 1773 1460 1818 rt.
1472 1783 1527 1838 sep.
1549 1779 1572 1820 t.
1586 1771 1648 1823 Cor·
1666 1782 1707 1824 tt·
1720 1789 1751 1824 ιι.
1765 1787 1789 1828 t.
1801 1794 1850 1830 eo-

1027 1841 1093 1894 lose.
1122 1854 1145 1895 t.
1175 1857 1215 1898 tt.
1234 1844 1298 1898 binc
1316 1856 1342 1900 et
1360 1863 1428 1900 uxor
1446 1850 1549 1904 dicitur
1567 1851 1599 1906 in
1618 1871 1696 1906 rnann
1716 1857 1767 1910 uiri
1793 1876 1851 1914 este

1026 1925 1141 1996 Ulpiano
1157 1927 1187 1982 iu
1200 1928 1263 1982 inst.
1275 1939 1292 1981 t.
1309 1943 1350 1983 tt.
1369 1950 1446 2002 quent
1468 1933 1552 1989 reiert
1565 1937 1676 2007 magnii.
1696 1941 1742 1994 dn·
1760 1943 1845 1998 Praes

1028 2009 1176 2078 tr.de1'ure
1189 2028 1261 2066 rens.
1276 2015 1338 2068 diss.
1355 2029 1379 2069 t.
1392 2037 1415 2071 c.
1434 2030 1456 2072 t.
1477 2037 1504 2072 ιι.
1530 2033 1554 2072 t.
1578 2021 1641 2076 add.
1659 2023 1795 2096 Tiraquel.
1809 2027 1850 2082 ud

1027 2092 1079 2164 leg.
1092 2097 1210 2151 coenni.
1227 2110 1249 2151 t.
1262 2117 1289 2151 n.
1305 2110 1347 2153 tt.
1368 2101 1436 2172 Ergo
1456 2102 1479 2158 si
1498 2122 1549 2174 qna
1567 2123 1635 2160 uter
1653 2108 1732 2163 audet
1751 2112 1849 2165 marito

1028 2193 1075 2229 suo
1093 2181 1203 2236 audaces
1218 2183 1319 2240 inferre
1338 2205 1448 2256 rannus,
1467 2193 1583 2260 grauiter
1600 2193 1691 2248 eadem
1704 2208 1794 2250 contra
1808 2198 1850 2250 ali·

1028 2263 1082 2312 uini
1094 2263 1220 2320 Numinis
1236 2270 1307 2338 leges
1319 2283 1411 2340 peceat
1424 2310 1431 2338 ,
1446 2273 1516 2328 conl.
1529 2276 1620 2330 Parin.
1633 2295 1658 2346 q.
1674 2290 1732 2333 ιιι.
1746 2300 1774 2333 n.
1790 2292 1848 2336 tot.

1030 2345 1101 2414 Quid
1121 2359 1209 2401 autern
1229 2351 1303 2417 siro,
1322 2354 1344 2406 si
1364 2371 1420 2410 sors
1440 2357 1495 2426 ipsi
1521 2360 1653 2426 eiusmodi
1680 2363 1849 2432 Carianiarn,

1027 2431 1112 2500 qualis
1130 2431 1290 2489 describitur
1308 2438 1337 2490 in
1357 2439 1373 2491 i.
1392 2453 1414 2494 t.
1427 2448 1449 2504 §-
1466 2455 1489 2494 ι.
1502 2441 1536 2511 ff.
1550 2446 1584 2497 de
1599 2449 1757 2514 postulone.
1777 2453 1851 2520 adje-

1027 2515 1109 2578 cerit,
1129 2514 1305 2572 iaciendum?
1323 2521 1444 2578 Fortasse
1462 2544 1516 2580 non
1535 2529 1628 2599 inique
1647 2535 1704 2599 jure
1724 2541 1850 2592 retorsio-

1029 2600 1071 2650 uis
1089 2611 1185 2668 utetur,
1205 2604 1283 2658 etiarn
1303 2625 1362 2660 ιιιιιι
1381 2609 1495 2679 quodam
1514 2631 1638 2682 excessu,
1656 2635 1716 2672 curn
1742 2623 1783 2690 jus
1809 2640 1852 2678 ua·

1027 2683 1142 2772 stigandi
1163 2703 1272 2740 uxorem
1291 2703 1425 2761 conpetat
1439 2698 1550 2762 marito,
1565 2717 1650 2770 supro
1661 2721 1690 2756 ιι.
1707 2717 1731 2758 t.
1743 2705 1812 2776 Ergo
1826 2709 1851 2762 si

1028 2771 1147 2824 crinibus
1165 2773 1284 2828 eamdem
1305 2779 1430 2830 nonnihil
1455 2781 1489 2832 ad
1513 2783 1695 2842 obedientiam
1722 2791 1852 2857 traxerit,

1030 2853 1096 2908 sorte
1114 2873 1165 2909 non
1179 2859 1277 2929 poterit
1291 2861 1345 2912 dici
1358 2863 1466 2916 modurn
1482 2864 1509 2917 in
1522 2868 1675 2938 castigando
1693 2876 1850 2928 excessisse.

1032 2939 1097 2992 Nam
1116 2951 1146 2992 ut
1165 2943 1216 2995 duo
1235 2945 1324 3012 rnngni
1350 2947 1469 3001 numinis
1486 2949 1537 3004 tut
1563 2951 1595 3003 ati
1621 2971 1681 3009 cen.
1706 2977 1853 3028 quoecum-

1029 3041 1080 3093 que
1097 3025 1160 3077 dist.
1180 3039 1220 3080 su.
1241 3026 1336 3082 iestire
1348 3041 1528 3100 annotarunt,
1545 3034 1606 3090 ideo
1619 3039 1703 3094 relicti
1719 3053 1783 3096 aunt
1796 3043 1852 3098 iue-

1030 3107 1113 3160 minis
1131 3112 1234 3173 crines,
1254 3122 1283 3165 ut
1301 3113 1352 3166 riri
1374 3117 1529 3172 invenirent
1548 3120 1575 3172 in
1608 3120 1677 3188 illis,
1700 3143 1752 3195 quo
1781 3130 1852 3182 trahi

1032 3193 1133 3261 possint
1153 3205 1180 3248 et
1198 3197 1292 3266 ligari,
1311 3199 1364 3252 rid.
1386 3201 1474 3255 bruis.
1497 3203 1526 3258 iu
1547 3207 1642 3260 Docte.
1662 3212 1727 3264 Pol.
1746 3212 1765 3266 1.
1788 3225 1810 3268 t·
1829 3235 1854 3272 e.

1032 3289 1055 3330 t.
1073 3295 1102 3345 p.
1124 3291 1165 3332 et.
1186 3281 1237 3332 Dn.
1257 3282 1360 3338 Charis.
1380 3285 1495 3354 desero
1525 3307 1617 3346 conse·
1648 3311 1671 3347 c.
1703 3307 1728 3349 ι.
1754 3315 1781 3349 ιι.
1810 3309 1853 3352 ts.

1030 3363 1117 3432 Quarta
1136 3365 1296 3419 sententiata
1318 3378 1404 3422 tarnen
1425 3388 1478 3424 nun
1498 3373 1583 3428 fecero
1605 3395 1698 3433 eneam.
1719 3381 1778 3435 irno
1799 3399 1855 3436 tna·

1029 3453 1110 3512 ritos,
1129 3449 1175 3517 qui
1195 3449 1262 3503 banc
1281 3453 1407 3520 injuriam
1434 3457 1588 3510 verberibus
1619 3477 1673 3514 non
1700 3468 1853 3534 repellunt,

1029 3531 1151 3584 secordes
1169 3541 1198 3584 et
1214 3535 1281 3587 siles
1299 3547 1374 3616 atqpe
1394 3537 1512 3592 bominis
1526 3543 1637 3597 nurnine
1648 3547 1780 3618 indignus
1794 3570 1856 3606 een·

1029 3625 1070 3668 aet
1090 3617 1216 3670 Alexarad.
1233 3619 1331 3673 consil.
1352 3632 1410 3675 ιιι.
1429 3625 1481 3676 col.
1496 3638 1519 3678 t·
1533 3643 1606 3680 verr.
1620 3647 1689 3700 quos
1702 3633 1787 3688 etiem
1800 3639 1850 3690 de·

1029 3699 1106 3754 ridet.
1125 3719 1204 3770 quem
1223 3703 1313 3756 laudnt
1331 3703 1426 3777 Carpe.
1443 3727 1487 3779 pr.
1507 3711 1585 3766 crim.
1610 3732 1655 3783 qu.
1687 3728 1727 3772 tr.
1752 3739 1781 3774 ιι.
1810 3735 1852 3777 ts.

1031 3784 1103 3836 ilinc
1120 3793 1147 3838 et
1167 3786 1255 3851 illum,
1273 3787 1318 3856 qui
1339 3790 1370 3842 in
1388 3791 1406 3841 l.
1430 3802 1468 3844 ts.
1488 3801 1510 3856 ς.
1539 3807 1561 3846 ι.
1577 3795 1620 3865 ff.
1646 3799 1679 3854 da
1704 3823 1773 3862 ιιιιιι.
1803 3809 1854 3882 leg.

1032 3884 1139 3920 uxorem
1160 3880 1234 3923 vocat
1251 3871 1388 3927 tloauinarn
1408 3877 1607 3934 sanctissimam
1622 3883 1701 3939 fracti
1714 3901 1742 3943 et
1755 3893 1856 3963 abjecti

1029 3952 1115 4006 anirui
1135 3954 1221 4007 viruna
1236 3954 1332 4022 luisse,
1347 3960 1495 4031 suspicatur
1510 3965 1601 4036 Tiraq.
1614 3971 1712 4045 adleg·
1731 3983 1852 4036 eonnub.

1033 4047 1057 4086 ι.
1075 4053 1102 4087 ιι.
1126 4047 1165 4090 tt.
1185 4041 1238 4094 Sed
1256 4041 1320 4109 quid
1341 4043 1364 4094 si
1385 4045 1496 4099 maritus
1514 4048 1547 4100 ‹le
1574 4050 1683 4109 victoria
1713 4057 1783 4116 lorte
1807 4065 1853 4120 de·

1032 4130 1134 4188 speret:
1153 4121 1197 4174 bic
1216 4137 1303 4179 rnetus
1322 4127 1351 4180 in
1369 4128 1474 4197 sirum,
1502 4134 1548 4186 eui
1577 4153 1629 4192 nou
1656 4152 1782 4217 estpepo
1807 4171 1858 4222 pm

1032 4204 1129 4268 corde,
1148 4208 1193 4258 ria
1213 4209 1309 4265 cadere
1337 4223 1444 4284 potest,
1471 4216 1584 4288 ideoque
1607 4241 1687 4280 renus
1711 4231 1784 4299 erit,
1807 4257 1857 4296 neo

1032 4295 1202 4347 excusatione
1220 4291 1370 4364 ‹lignus„l.
1393 4308 1450 4352 tet.
1460 4297 1501 4368 ffl
1520 4302 1554 4355 de
1571 4321 1594 4357 r
1601 4305 1623 4376 1'.
1639 4310 1715 4378 Quod
1729 4315 1752 4366 si
1767 4327 1856 4377 tamen

1032 4377 1162 4440 eiusmodi
1185 4378 1307 4433 misellus
1327 4383 1427 4452 aliquis
1448 4389 1606 4442 siruuculns
1626 4409 1672 4446 seu
1691 4401 1857 4472 maritellus,

1033 4469 1062 4510 ut
1081 4463 1145 4514 tales
1164 4473 1239 4516 rocat
1258 4463 1333 4516 Balal.
1352 4466 1381 4520 iu
1400 4469 1419 4521 i.
1438 4482 1523 4524 curet.
1541 4491 1564 4526 e.
1584 4473 1617 4526 de
1635 4475 1780 4538 interdicto
1795 4504 1857 4544 mo·

1032 4544 1104 4596 ιιιίιι.
1124 4547 1294 4614 reperiatur,
1313 4567 1392 4618 quern
1407 4553 1531 4622 quotidie
1549 4555 1583 4609 ab
1602 4575 1684 4614 uxore
1702 4565 1809 4637 sirpus,
1834 4573 1859 4628 ai

1034 4643 1086 4680 non
1105 4638 1131 4680 et
1151 4630 1271 4694 verbera,
1290 4643 1413 4704 oporteat
1430 4637 1552 4708 accipere
1565 4681 1573 4706 ,
1587 4654 1720 4713 putarem,
1733 4651 1804 4708 bunc
1816 4655 1860 4710 di·

1032 4713 1144 4766 sortium
1163 4714 1276 4784 partiale
1296 4715 1447 4786 impetrare
1468 4739 1561 4790 posse,
1579 4743 1641 4780 eum
1660 4733 1727 4802 reip.
1740 4737 1857 4805 intersit,

1032 4797 1103 4848 bella
1121 4799 1220 4867 prirata
1240 4816 1293 4852 uon
1314 4803 1441 4866 tolerari,
1461 4807 1638 4880 scandaloque
1658 4817 1725 4868 tolli.
1744 4819 1804 4874 Nisi
1826 4825 1857 4878 id

1032 4879 1147 4948 patienti
1165 4879 1258 4936 aninao
1275 4883 1346 4946 ferre
1366 4888 1444 4952 velit,
1464 4889 1562 4945 solenti
1581 4897 1655 4950 enirn
1670 4917 1722 4954 non
1737 4899 1770 4957 fit
1783 4907 1857 4974 iniu-

155 5003 187 5040 re
205 4985 315 5046 illicita,
336 4985 416 5037 toties
437 4993 540 5038 tenetur
558 4984 592 5036 de
608 4983 982 5054 oanraiquodeaintlesequi-
1033 4964 1323 5062 ¹5¹¹qu⁰m⁸lim⁰d⁰5¹
1344 4971 1471 5026 ΜΕΝ
1489 4976 1584 5032 ¹l⁸l⁵⁸⁸
1603 4978 1719 5051 ὖῑθὶωὴ
1737 5003 1797 5043 nnat
1825 4995 1860 5048 ab

156 5079 199 5124 tur
217 5069 261 5139 (t)
280 5067 299 5120 l.
314 5085 374 5122 eum
387 5067 436 5138 qui
447 5075 599 5122 nocentem.
617 5081 657 5122 ts.
670 5077 695 5132 ς.
710 5081 733 5122 ι.
736 5064 922 5139 ffdeinjur.
936 5069 982 5122 ubi
1033 5062 1115 5144 ⁰¹⁰¹}
1134 5050 1271 5148 xm”lilii
1297 5054 1447 5152 “millib
1467 5075 1533 5155 ⁸ll¹f⁸
1564 5061 1774 5132 pertunderetur.
1801 5077 1857 5132 Sed

158 5155 302 5218 statuitur.
320 5155 401 5208 etiarn
421 5166 510 5208 contra
528 5155 622 5220 illurn,
640 5157 687 5226 qui
706 5172 740 5208 er
759 5171 849 5210 errore
868 5156 984 5225 aliquem
1034 5145 1124 5229 ΜΨ
1140 5137 1381 5233 ’Μοῃιθίωωοὼ
1400 5139 1468 5193 '⁰¹¹⁰
1487 5143 1569 5214 ‘¹¹3²'
1587 5151 1637 5214 ⁸¹⁸2
1655 5169 1722 5220 (1Ιιιο
1735 5158 1859 5214 crinibus

157 5241 248 5298 affecit
266 5239 366 5304 iniuria
379 5279 387 5304 ,
402 5241 459 5295 dari
471 5241 601 5296 actionem
614 5241 782 5309 injuriarum.
798 5241 850 5295 Sed
865 5241 984 5312 resp-(t)
1033 5233 1126 5272 “¹⁰⁸⁸
1146 5218 1259 5318 ΜΨ
1275 5219 1458 5322 ’δ’ξθψῑξῑῑι
1476 5229 1546 5325 (ἱξῑϋᾶ
1566 5233 1590 5284 ’ἰ
1611 5253 1672 5290 teto
1696 5253 1791 5310 sponte
1817 5249 1858 5301 set

157 5327 191 5383 ad
210 5325 311 5380 dictant
330 5325 464 5392 requiam,
482 5325 554 5378 illurn
580 5326 671 5380 saltem
696 5327 853 5396 prueetlere,
880 5325 984 5394 qnando
1033 5317 1078 5400 ξω
1096 5302 1173 5404 ⁰⁰¹9}
1192 5315 1305 5404 ”imm
1324 5323 1467 5376 'mllenum
1497 5331 1526 5366 ¹⁰
1553 5333 1581 5370 *θ
1606 5321 1738 5392 retiuqon
1760 5329 1856 5396 uaert,

158 5411 262 5464 iactum
283 5407 444 5478 praecedens
460 5418 501 5463 est
519 5409 674 5464 immediata
692 5427 766 5464 causa
782 5409 871 5465 damni
891 5409 983 5464 subse·
1035 5405 1066 5442 ¹¹¹
1083 5401 1246 5490 ⁰⁰⁰¹⁰¹⁶¹¹¹¹f
1270 5405 1370 5464 imm·
1405 5397 1488 5462 Detur
1521 5401 1565 5456 ein
1595 5406 1704 5464 soluier
1732 5413 1859 5468 Fratuen-

158 5493 284 5566 quentis.
302 5489 373 5564 qnod
394 5493 443 5544 boe
460 5508 520 5546 casu
538 5503 661 5547 nonest.
683 5494 716 5546 Ea
736 5495 983 5564 entm.quaee0a
1035 5475 1151 5539 smilis
1178 5477 1435 5536 trater-summ,
1455 5488 1715 5550 cartusienses
1747 5497 1784 5552 ist
1808 5502 1859 5558 mir

165 5577 339 5644 immediate,
357 5576 403 5630 sed
422 5593 470 5646 per
488 5578 612 5632 accidens
630 5581 770 5644 eueniunt,
788 5597 847 5632 curn
861 5597 915 5633 nun
928 5578 985 5634 ine
1041 5557 1212 5631 Μθωηὸ
1229 5561 1287 5614 ’Μ
1309 5566 1434 5638 76*ῑὲῡῦ
1452 5570 1545 5626 Μ’Μ*
1563 5593 1616 5630 ⁹⁰¹¹
1642 5579 1858 5638 Commisit·-

162 5662 223 5714 rint
243 5659 272 5712 iu
293 5657 445 5712 intentione
462 5661 578 5729 agentis,
596 5679 652 5720 non
668 5681 758 5734 parem
772 5673 909 5718 tuerentur
927 5666 985 5717 ani·
1035 5658 1090 5693 Μ
1111 5643 1270 5700 Mssn'l'u'ld
1296 5651 1503 5708 '1⁶²³''R‘0ll28
1529 5657 1559 5711 ¹⁸1²
1580 5661 1683 5715 πίπτω
1716 5665 1857 5726 θιινίιιιη

166 5729 395 5796 ιιιιιΙιιιιίοιιιιιι,
428 5747 457 5782 ae
484 5751 550 5801 quae
567 5733 682 5790 'directo
712 5737 866 5793 intendebat
898 5737 986 5791 delira·
1035 5741 1089 5780 Μ
1115 5727 1191 5784 ⁶01¹
1209 5727 1353 5802 tqufitrt',
1372 5735 1431 5791 used
1446 5738 1538 5796 isitres
1563 5747 1658 5816 Weges
1675 5755 1858 5812 euentrciaul.

299 5814 407 5888 sepsit
426 5816 487 5870 Vol.
505 5820 563 5872 111.
1572 5840 1605 5886 ιο
