4282 6274
407 313 478 383 soti

958 307 1149 365 ntsturs'r.
1167 311 1239 365 xxt.
1258 311 1375 370 estut
1393 315 1427 372 V.

1032 483 1284 556 CAPUT
1331 487 1377 557 V.

469 661 575 728 Del.
601 657 787 746 Subfeudis
807 657 1054 750 pomeranicis.
1079 651 1126 718 ll.
1152 651 1400 724 Coucluaorum
1412 659 1713 749 pomeranicorum
1738 665 1931 750 receptione

555 782 587 832 et
610 765 848 832 observantia.
873 779 907 829 et
932 761 995 828 Ill.
1019 761 1105 828 Jare
1130 757 1283 846 agendi,
1301 761 1486 850 pascendi,
1506 766 1710 855 propriique
1732 763 1849 830 ovilis.

523 936 583 989 Von
603 933 990 1008 Schuefferey-Gerechtigkeit
1007 929 1036 984 in
1057 932 1209 985 Pommcrn·
1228 931 1263 982 It.
1280 931 1341 982 Von
1360 932 1480 986 Strsssen
1498 932 1552 986 und
1570 931 1647 988 deser
1665 931 1879 1004 Gereelstigkeit.

594 1081 935 1137 cunctotum

351 1246 492 1316 casseaco
511 1259 658 1303 censentur
671 1248 734 1318 jure
742 1247 896 1316 ‚feudorum
918 1245 1171 1317 pomeranicorune.

389 1349 415 1383 n.
438 1342 479 1383 43.

350 1413 567 1469 concurrentem
591 1426 683 1468 tamen
708 1411 926 1481 pirrisdictionem
946 1412 1067 1482 princeps
1092 1411 1173 1464 babet

386 1495 416 1546 in
433 1497 649 1560 sub-vassallos,
671 1495 739 1546 dier
751 1493 794 1546 die
809 1493 1170 1560 woutermannus.

351 1579 487 1633 Conclusa
506 1579 685 1645 pomeranica
705 1588 809 1648 recepta
825 1589 902 1644 sunt,
922 1591 949 1632 et
966 1580 1152 1632 observantur
1162 1617 1170 1642 ,

385 1672 520 1730 quatenus
537 1663 709 1716 concordant
718 1679 781 1715 cum
793 1662 1037 1717 constitutionibus
1049 1661 1167 1733 provin·

388 1745 505 1799 cialibus
517 1745 634 1818 jureque
645 1747 793 1801 communi.
808 1766 833 1799 n.
849 1758 891 1800 ts.

352 1829 466 1884 Caetera
472 1831 699 1901 egentreuisione,
707 1832 913 1900 quodecemplis
919 1831 1083 1886 declaratur.
1092 1847 1118 1882 n.
1128 1839 1171 1885 tt.

356 1915 793 1979 GewirseLander·Gebraeuclse
807 1933 897 1986 wegen
928 1912 1011 1983 Triffl
1035 1917 1092 1968 und
1113 1915 1174 1966 tto-

387 2011 468 2073 tung,
484 2003 534 2072 bey
548 2003 697 2073 Anlsgung
714 2005 763 2057 der
780 2001 848 2055 Viels
859 1997 946 2069 Hbffe
965 1999 1023 2054 und
1038 1998 1175 2071 Scbafie·

367 2101 458 2156 repen.
471 2103 499 2138 n.
515 2096 557 2137 tt.

353 2171 433 2238 Quod
443 2180 536 2223 tamen
548 2169 669 2236 procedit
685 2171 753 2224 salso
766 2172 842 2237 jare,
863 2167 969 2236 salsisq;
982 2165 1108 2220 oneribus
1122 2167 1173 2219 loci

385 2263 413 2306 et
430 2250 515 2305 issndi.
535 2255 588 2310 lsbi
599 2253 760 2324 disquiritur
772 2272 824 2306 son
837 2253 888 2304 den
909 2251 1173 2319 Dorffs-oneribas,

386 2337 593 2400 constitution,
609 2339 841 2402 Marcis-Kosten,
860 2359 886 2393 u.
925 2357 929 2372 ¹
946 2339 1071 2391 essiorn.
1090 2357 1118 2390 n.
1134 2348 1175 2390 ts.

355 2422 419 2476 aad
435 2423 539 2476 werden
558 2422 601 2476 die
620 2423 787 2492 abgcseteten
806 2424 918 2474 Bauren
925 2417 1013 2493 sreye
1026 2429 1119 2486 Lente,
1133 2423 1176 2476 be·

384 2503 513 2558 hostiumn
533 2507 604 2559 aucis
622 2507 785 2572 Fabrnisss,
800 2505 933 2576 Hffwebr
944 2525 970 2558 u.
984 2507 1072 2561 Korn.
1086 2527 1114 2560 u.
1131 2517 1173 2558 ts.

349 2589 509 2644 Jurisdictio
528 2603 554 2644 et
571 2593 708 2645 Strasren·
719 2592 934 2661 Gereclrtiglseit,
953 2611 1011 2646 non
1038 2609 1123 2646 unum
1148 2601 1174 2645 et

383 2673 454 2727 idem
473 2685 513 2727 est
532 2676 560 2727 in
581 2678 764 2732 Pomerania.
784 2697 815 2730 n.
837 2691 881 2730 eo.

350 2757 452 2812 Osssnia
470 2771 564 2812 tamen
579 2759 665 2825 baec,
677 2761 840 2828 praesertim
854 2763 965 2816 ratione
976 2762 1174 2816 solvendorum

386 2839 538 2894 debitorum
558 2853 584 2894 et
601 2861 750 2897 consensus
767 2845 876 2898 domini
888 2857 915 2898 et
928 2855 1102 2912 agnatorum,
1115 2861 1172 2898 non

385 2946 469 2996 aeque
482 2929 575 2982 ualent
586 2929 615 2981 in
627 2941 739 3000 atraque
752 2929 941 2998 Poeneranio,
961 2929 1090 2984 Ver-und
1101 2931 1171 2984 Iliu-

352 3012 566 3064 ter·Pammern.
586 3031 614 3066 n.
635 3025 677 3067 st.

352 3123 565 3234 attisiensi
586 3179 617 3234 de
636 3184 695 3250 jere
715 3181 810 3236 ieudali
830 3182 967 3236 communi
980 3185 1103 3238 vassallus
1117 3183 1134 3236 i
1146 3203 1172 3238 u·

1224 1077 1289 1126 teris
1307 1095 1360 1130 nass
1380 1080 1460 1133 aliter
1478 1091 1569 1132 soesnt
1588 1079 1665 1133 ieuda
1684 1099 1745 1145 sus,
1760 1099 1839 1151 quam
1853 1083 1899 1135 ilsr
1918 1083 2025 1136 Gutunl

1222 1159 1313 1222 Erbe,
1332 1161 1412 1213 sicuti
1431 1172 1458 1214 et
1476 1165 1619 1216 Borntinii
1635 1182 1728 1216 eorum
1748 1168 1870 1231 vassalli,
1890 1185 1988 1235 qrsarurn
1999 1170 2024 1220 li-

1224 1250 1294 1293 terae
1314 1243 1532 1299 investiturarum
1550 1248 1582 1300 ds
1601 1265 1671 1300 sasso
1692 1260 1769 1301 tsrs.
1790 1251 1969 1303 henehnbent
1983 1250 2024 1303 ior·

1224 1327 1341 1378 nursiam:
1361 1346 1538 1400 vergoennen
1558 1331 1618 1384 und
1635 1331 1776 1388 oerleinen
1808 1332 1853 1384 ilsr
1884 1335 1954 1385 lelsn
1981 1333 2026 1386 usi

1221 1408 1368 1463 oaeserttot
1386 1413 1475 1476 Eric,
1488 1422 1514 1464 et
1526 1415 1591 1465 alim
1610 1416 1763 1467 subsessalli
1778 1416 1897 1468 civitatis
1911 1417 2024 1488 gryphen·

1222 1489 1360 1561 bergensis
1379 1494 1423 1548 die
1445 1497 1663 1549 debusollentine
1703 1513 1912 1568 recognoverunt
1935 1503 2023 1560 subien-

1221 1577 1284 1629 dum
1306 1582 1495 1636 Sclsmalents'n
1516 1584 1559 1638 alt
1576 1583 1621 1636 ilrr
1636 1585 1791 1638 helen-Gut
1809 1588 1869 1639 and
1887 1589 1963 1640 Eric.

1256 1663 1378 1715 Aliensrc
1405 1675 1493 1717 autem
1523 1667 1562 1719 sel
1591 1669 1770 1738 oppignorare
1795 1673 1909 1725 solentes
1935 1674 2022 1727 nuus-
2046 1655 2055 1696 ¹

1218 1745 1278 1798 salli
1298 1744 1454 1800 cubiculum
1481 1766 1572 1814 suum,
1598 1761 1722 1803 tenentur
1745 1763 1833 1822 petere
1864 1773 2022 1823 consensuro,

1218 1843 1271 1878 uon
1289 1829 1450 1898 superioris,
1482 1833 1527 1884 scd
1559 1833 1713 1886 intermedii
1745 1835 1868 1900 ‹iornirds
1900 1839 1939 1891 ita
1964 1840 2021 1894 deri·

1219 1927 1277 1962 essm
1306 1920 1349 1963 est
1378 1931 1400 1964 a.
1434 1927 1512 1967 tete.
1536 1916 1564 1968 in
1590 1932 1666 1970 causa
1695 1919 1804 1972 Jooirim
1835 1923 1955 1976 Koellers
1972 1909 2055 1978 ocul

1222 2003 1266 2046 tra
1292 1993 1423 2048 Heinricls
1442 2007 1468 2050 et
1483 2009 1624 2053 consortes
1650 2001 1694 2055 die
1724 2005 1865 2068 Koellere,
1893 2007 1921 2058 in
1942 2019 2025 2076 puncta

1223 2077 1431 2132 alienationis:
1450 2081 1504 2132 uisi
1530 2082 1655 2137 dominus
1685 2086 1863 2140 intermedius
1889 2107 2025 2144 consensum
2047 2083 2063 2144 ⁹.

1222 2162 1320 2234 absque
1339 2165 1471 2234 probabili
1493 2183 1568 2220 eausa
1587 2168 1741 2238 denegarit,
1763 2182 1826 2224 tunc
1844 2173 1915 2225 enim
1927 2175 2028 2244 superior
2048 2189 2051 2200 ·

1223 2249 1370 2315 coissentit,
1389 2251 1458 2320 quod
1479 2252 1584 2322 saepius
1604 2251 1702 2306 iactum
1729 2273 1786 2310 csse
1814 2267 1928 2311 testatur
1955 2259 2027 2314 batus

1223 2333 1394 2386 murcellarius
1416 2335 1591 2390 pomeraniae
1609 2337 1655 2389 dn.
1679 2339 1809 2391 Matthias
1835 2357 1858 2392 s.
1892 2343 1980 2394 Carnis
2004 2343 2025 2394 in

1225 2418 1417 2485 manuscriptis
1433 2421 1491 2475 suis
1519 2421 1566 2475 Sic
1586 2425 1668 2476 etiam
1687 2425 1790 2478 domiui
1816 2426 1890 2480 feudi
1917 2428 2025 2484 mediati.

1224 2501 1301 2552 modo
1310 2505 1457 2568 nominati,
1470 2517 1663 2559 consenserunt
1678 2507 1705 2560 iu
1720 2511 1964 2580 oppignerationem
1975 2513 2026 2565 sub·

1223 2584 1295 2638 teudi
1318 2587 1479 2654 iribhcruo,
1499 2589 1569 2660 qaod
1588 2590 1687 2644 nobilis
1707 2591 1809 2646 familia
1834 2595 1886 2649 der
1913 2596 2027 2650 Gourien

1223 2667 1255 2720 ab
1274 2671 1313 2721 eis
1332 2674 1513 2740 recognoscit.
1682 2667 1688 2680 ’

1238 2755 1330 2808 xuv.
1350 2756 1488 2824 Quomodo
1505 2757 1693 2812 subieudorum
1714 2760 1819 2812 domini
1844 2761 1960 2815 ansellis
1981 2761 2026 2815 snit

1219 2838 1351 2905 justitiam
1370 2841 1577 2909 administrent,
1597 2857 1625 2898 et
1641 2845 1748 2914 quando
1761 2863 1855 2898 causae
1871 2848 1965 2900 avocari
1979 2865 2026 2916 pos

1220 2924 1275 2976 sint
1293 2943 1307 2976 a
1326 2924 1469 2996 principe,
1488 2938 1593 2980 cautum
1610 2939 1650 2981 est
1668 2929 1697 2980 in
1718 2945 1822 2982 recessu
1842 2930 2027 2999 provincialils

1218 3023 1240 3057 s.
1259 3011 1297 3060 so
1317 3009 1407 3062 haben
1427 3010 1496 3062 oucls
1514 3009 1558 3062 die
1575 3027 1628 3062 oon
1647 3010 1697 3063 der
1714 3013 1905 3083 liitterrclsafft
1912 3012 1968 3084 scir
1980 3013 2027 3067 tta

1217 3085 1302 3156 After
1317 3093 1491 3147 Belin-Lente
1509 3095 1565 3146 tanei
1588 3095 1689 3148 andere
1716 3099 1923 3160 Untertlsonen,
1948 3097 1986 3150 die
2001 3095 2025 3148 is

1219 3187 1305 3230 erster
1315 3177 1445 3231 instance
1455 3175 1507 3238 sur
1518 3177 1601 3230 ilsnen
1616 3196 1649 3232 zu
1663 3182 1751 3233 reclrte
1764 3201 1797 3232 cu
1809 3181 1901 3234 stetten
1915 3179 2026 3248 sclruldip,

2052 2401 2071 2448 it

349 3265 430 3329 risam,
450 3265 519 3334 quutl
539 3265 632 3330 habel,
652 3270 691 3321 nel
713 3276 814 3329 iutuitu,
842 3267 882 3321 vel
907 3269 966 3334 ejus
993 3277 1094 3334 partem
1120 3267 1168 3320 alii
1216 3261 1326 3327 ervitte
1345 3264 1488 3315 Personen
1503 3263 1733 3318 ilsrestb‘ittelssu
1746 3265 1976 3318 Administration
1990 3263 2051 3315 det*

349 3347 378 3400 in
397 3347 506 3400 feudum
526 3349 645 3418 legitime
664 3350 809 3402 concedere
821 3358 924 3420 potest,
939 3349 1018 3402 ruodo
1032 3350 1104 3402 inter
1117 3351 1169 3403 sliu
1220 3345 1323 3399 hostien
1343 3367 1378 3399 au
1396 3347 1569 3411 uerordnen,
1588 3349 1647 3400 und
1663 3347 1691 3400 iu
1709 3349 1818 3402 solclser
1833 3361 1920 3404 erster
1931 3355 2028 3404 tustan-

349 3432 376 3486 ei
395 3431 568 3496 concedatur,
586 3433 631 3501 qssi
652 3431 852 3484 sulsinieudauti
872 3431 986 3500 aequalis
1005 3431 1056 3496 sit,
1075 3433 1116 3484 sel
1134 3442 1170 3485 et·
1218 3444 1263 3490 ce,
1284 3427 1334 3479 mit
1358 3429 1629 3501 Veroisclieidungea
1651 3433 1708 3486 und
1723 3445 1835 3486 sonrten
1854 3445 1919 3502 pute
1941 3432 2027 3488 utcun-

348 3517 403 3570 iam
423 3515 541 3568 mellaris
559 3515 739 3578 conditionis,
760 3525 784 3568 et
804 3514 1003 3567 subiateutmo
1017 3511 1064 3567 frat
1078 3515 1171 3568 eadem
1220 3511 1295 3578 grets
1313 3531 1346 3564 cu
1365 3512 1457 3566 lsalten
1476 3513 1533 3565 siclt
1551 3516 1726 3580 aneriotten,
1747 3517 1799 3570 mie
1815 3519 1866 3572 wir
1884 3517 2026 3570 dannauci

347 3603 425 3672 lege,
445 3601 545 3663 iurans,
566 3599 651 3669 pactis
669 3609 696 3652 et
714 3597 930 3662 conditionibus,
956 3599 1052 3668 quibus
1078 3599 1171 3650 sribia·
1219 3593 1344 3662 dic,fitr
1360 3599 1406 3650 die
1424 3609 1495 3650 erste
1512 3602 1644 3652 Instance
1671 3601 1814 3671 gelsoerige
1839 3603 1963 3667 Sacleen,
1985 3599 2025 3654 eiu

348 3687 460 3740 fautinus
479 3686 539 3754 ipse
559 3681 666 3736 ieaslum
688 3681 827 3734 adomino
838 3681 957 3750 accepit,
971 3681 1065 3751 probat
1078 3683 1171 3734 Mettis.
1218 3677 1361 3751 tiieselbige
1377 3699 1426 3749 per
1442 3681 1515 3734 siam
1533 3683 1744 3751 appellationis,
1759 3695 1810 3736 aar
1831 3696 1982 3752 protractae
1993 3683 2030 3736 sel

351 3769 483 3840 Stsplsuui
501 3773 554 3822 iet.
572 3767 677 3820 Pomer.
695 3767 725 3818 in
746 3765 855 3834 exegesi
861 3764 979 3835 fiodali
997 3775 1073 3836 part.
1099 3777 1123 3818 t.
1142 3783 1171 3818 n.
1219 3763 1368 3834 denegatae
1381 3765 1507 3834 pernitiae
1518 3782 1571 3818 aus
1583 3765 1763 3835 Hosgericlrte
1780 3771 1950 3832 erwaclssen,
1967 3767 2029 3820 sitit

352 3865 396 3906 tt.
413 3864 439 3906 et
456 3871 530 3926 seqq.
552 3852 637 3904 Andr.
657 3851 738 3904 Kohl.
757 3861 790 3904 tr.
807 3851 842 3903 de
859 3848 986 3920 ruffiaci.
1012 3869 1035 3906 c.
1055 3859 1080 3902 t.
1100 3865 1129 3902 rs.
1147 3859 1170 3901 t.
1220 3847 1353 3898 uuociren
1368 3848 1946 3918 molien,landtogs·Aisclriedd.e.nsart.
1967 3861 2027 3902 test.
2052 3901 2063 3942 Ι

351 3939 439 3992 sifus,
456 3932 684 4008 symagstfeud,
702 3953 725 3988 ρ.
749 3945 789 3989 η,
810 3933 875 3986 eleas.
899 3945 937 3986 ss.
958 3953 986 3988 η.
1006 3945 1031 3986 r.
1221 3929 1261 3980 De
1278 3932 1462 3983 concurrentia
1482 3945 1568 3984 sutem
1590 3933 1785 3998 jurisdictionis
1805 3931 2027 4004 principis,ctds

391 4021 430 4075 Dc
448 4021 587 4074 sulsieudis
607 4019 785 4090 pomeranicis
811 4017 884 4070 idem
909 4028 950 4071 sst
973 4019 1121 4086 judicium,
1143 4030 1172 4072 et
1219 4015 1415 4080 praevenientia
1434 4013 1597 4083 dispositum
1617 4027 1658 4069 est
1677 4019 1966 4086 aquensibosverbis:
1986 4019 2026 4071 Je-

351 4107 478 4160 irauntur
490 4105 644 4158 subvnssalli
659 4105 751 4157 eodem
762 4108 855 4174 jareet
867 4103 1017 4174 privilegiis
1030 4101 1171 4170 nobilium,
1218 4097 1287 4149 docti
1306 4099 1370 4151 dass
1389 4099 1461 4151 Jtuo
1476 4099 1579 4151 Intrstl.
1599 4099 1717 4152 Gnaden
1731 4115 1937 4156 concurrentem
1950 4101 2026 4158 Jurit·

351 4193 413 4262 quia
433 4191 566 4261 cqssestris
591 4189 696 4242 ordinis
722 4201 793 4253 sunt,
815 4197 843 4241 et
866 4185 1053 4241 subieudorum
1079 4187 1169 4240 eadem
1220 4181 1366 4236 dictionem
1386 4185 1453 4236 iiber
1469 4183 1512 4234 die
1532 4180 1906 4252 Afflerlelsuleutelraben,
1921 4191 2028 4242 toenncr

352 4277 428 4344 origo
434 4312 444 4339 ,
463 4275 596 4345 qualitas,
617 4271 773 4324 investitura
791 4282 817 4322 ct
834 4269 966 4323 successio
978 4270 1049 4322 inter
1062 4279 1170 4340 agnatos
1217 4265 1273 4318 sicis
1292 4267 1349 4318 Jlsr
1365 4267 1467 4318 Fuisti.
1491 4269 1609 4321 Gnaden
1632 4269 1719 4322 Jlsrer
1735 4271 1961 4325 tannes-tnnc.
1985 4273 2028 4324 (lb

352 4368 408 4421 est,
426 4370 537 4412 testante
557 4357 715 4410 notorietate
732 4354 899 4426 provinciae,
925 4352 1027 4406 conier-
1049 4356 1169 4409 concites.
1218 4349 1334 4420 rtgtets,
1360 4349 1418 4404 und
1440 4349 1487 4402 des
1506 4352 1641 4419 neesson,
1671 4371 1704 4406 so
1736 4355 1780 4407 die
1806 4358 2026 4422 praeoccupatus

354 4453 376 4494 t.
396 4441 436 4494 tit.
459 4453 480 4493 t.
500 4441 559 4493 Non
578 4448 697 4503 attento,
716 4439 787 4508 quod
804 4439 960 4492 subssssulli
990 4437 1062 4490 inter
1087 4448 1170 4492 status
1217 4433 1384 4504 mithridati,
1405 4433 1477 4486 nicht
1495 4433 1618 4502 begeben.
1637 4438 1654 4488 i.
1668 4457 1695 4491 o.
1709 4457 1741 4491 za
1755 4438 1917 4495 Boseualck
1929 4444 1976 4494 den
1992 4453 2029 4492 so.

350 4525 528 4600 provinciales
547 4542 601 4577 non
622 4521 787 4587 referantur,
805 4537 853 4573 nec
871 4521 905 4574 sd
922 4530 1079 4585 conventos,
1104 4523 1169 4575 alia·
1218 4519 1331 4590 augusti
1352 4531 1429 4570 sets.
1448 4519 1534 4588 Quam
1554 4522 1762 4574 reservationem
1785 4527 1909 4597 ,anticeps
1929 4526 2025 4578 declaret
2049 4507 2060 4548 ⁸

350 4627 401 4678 que
419 4611 475 4676 jura
494 4618 609 4661 statuum
629 4617 765 4668 vocentur,
785 4603 832 4657 scd
851 4605 1014 4674 seruiescete
1032 4621 1166 4674 eosopor·
1218 4603 1267 4654 hoc
1286 4601 1377 4655 modo:
1402 4603 1494 4654 Wann
1514 4605 1584 4656 cercis
1602 4605 1688 4659 Streit
1706 4609 1777 4660 tter
1792 4609 1834 4661 die
1850 4611 1942 4682 Affler
1952 4611 2026 4664 Leia·

349 4705 400 4748 test
420 4694 448 4746 iu
468 4711 511 4757 eo,
529 4691 601 4762 quod
620 4688 724 4745 domini
743 4687 816 4741 icudi
835 4687 985 4740 immediati
999 4705 1110 4756 quorsum
1130 4691 1170 4758 ju·
1219 4685 1290 4739 leute
1308 4701 1371 4754 seyn
1391 4685 1473 4751 salte,
1500 4687 1598 4740 moilen
1616 4688 1672 4742 sicis
1699 4691 1755 4742 Jtu
1780 4693 1882 4748 Fue-stt.
1919 4699 1967 4750 Gn.
1989 4695 2027 4746 der

350 4776 502 4830 rissiictioni
522 4777 647 4839 subsunt,
667 4791 728 4827 cum
745 4775 807 4826 aliis
826 4775 954 4837 statibus,
973 4775 1095 4844 praelatis
1111 4777 1169 4830 scil.
1214 4771 1351 4840 cognition
1366 4771 1440 4826 niclst
1458 4787 1615 4837 anmarsen,
1635 4791 1689 4827 nur
1707 4776 1807 4830 alleine
1825 4779 1891 4833 durs
1911 4782 1950 4834 die
1977 4783 2023 4836 te·

351 4861 490 4914 nobilibus
509 4871 535 4912 et
558 4858 730 4923 civitatibus,
756 4856 785 4909 in
815 4859 935 4912 comitiis
961 4859 1166 4928 prouincialibus
1221 4857 1305 4910 riette
1323 4855 1373 4907 mit
1390 4857 1701 4926 taugliclsenPersonen
1718 4863 2026 4928 berteliet,uuddie.lr·

351 4945 522 5004 corscludunn
542 4959 601 4993 cum
621 4941 652 4992 lsi
670 4943 720 4992 soli
738 4943 796 5006 iura
814 4951 943 5006 statuam,
962 4944 1082 4996 exclusis
1107 4943 1169 4996 sub·
1220 4943 1282 4996 stite
1300 4941 1377 4993 nicht
1392 4939 1561 5008 protrabiret
1579 4943 1673 4996 werde.
1694 4944 1815 5015 Betreffs
1844 4965 1875 5002 es
1904 4951 1966 5003 sier
1990 4949 2024 5000 die

301 5023 316 5066 ⁴
353 5027 489 5091 vassallis,
509 5035 663 5089 exerceant,
683 5025 721 5076 ati
738 5025 866 5093 inpulsis
882 5027 1015 5080 notoriam
1034 5039 1082 5081 est.
1099 5029 1171 5082 liaeo
1222 5026 1313 5079 letne
1332 5025 2025 5102 niclst,sondernScissrld·Saclren,undderAffler

354 5121 441 5164 tannen
460 5109 584 5179 dignitati
604 5125 696 5160 corum
713 5105 830 5176 equestri
851 5126 903 5161 non
924 5120 1031 5172 noceat,
1048 5128 1174 5181 necque·
1220 5109 1399 5162 delen-Manu
1419 5111 1490 5162 aucis
1507 5109 1617 5163 etnliclre
1640 5113 1729 5166 curer
1745 5117 1850 5185 unterp'.
1865 5119 1961 5171 Frirstl.
1977 5117 2022 5170 Gn·

350 5197 457 5250 litatem
475 5191 1171 5261 icudalemimmutant,sudaequecoustittmutua-
1222 5195 1324 5258 inette,
1344 5195 1403 5248 arrd
1424 5196 1508 5251 wider
1524 5197 1642 5250 disselbe
1668 5197 1696 5250 in
1729 5199 1832 5254 Furrtl.
1864 5201 2023 5274 Hsspssrert'clttt

298 5289 311 5330 Ι
350 5281 418 5333 biles
436 5277 553 5332 familias
572 5277 601 5327 'sn
621 5275 795 5340 pomerania,
814 5292 844 5328 ac
864 5275 976 5344 reliquie
990 5275 1112 5331 dominos
1126 5298 1170 5332 au·
1219 5280 1347 5349 pelleget
1361 5279 1462 5346 msirde,
1481 5296 1513 5332 so
1534 5282 1632 5334 leoente
1653 5281 1697 5334 aie
1715 5283 1804 5337 Saclse
1816 5287 1906 5351 alldos
1924 5306 1952 5342 so
1969 5287 2023 5338 oter

353 5373 406 5417 tem
427 5378 488 5416 suos
507 5359 579 5414 iessdi
600 5369 791 5428 recognoscunt
809 5371 834 5413 st
853 5371 1027 5426 verterentur,
1042 5363 1090 5415 sub
1109 5379 1171 5415 can·
1210 5361 1270 5432 seir
1287 5365 1346 5437 dem
1364 5367 1548 5419 lein-Manu
1570 5369 1654 5436 lllape
1674 5374 1846 5439 angestellet,
1867 5375 1935 5428 auci
1959 5373 2020 5427 allds

350 5448 455 5500 ditione
474 5457 606 5498 certorum
626 5445 794 5498 servitiorum
804 5483 813 5512 ,
832 5443 1012 5513 subieadaque
1028 5457 1088 5499 sunt
1113 5446 1173 5499 Eri
1223 5449 1353 5504 decidiret
1370 5451 1497 5516 aserdan,
1512 5451 1573 5504 und
1590 5451 1680 5506 uerte
1691 5449 1819 5524 desssull's
1836 5478 1871 5511 eor
1882 5460 1942 5529 jure
1962 5476 2021 5511 cure

353 5532 411 5582 und
428 5533 521 5591 Leia,
540 5546 606 5600 quse
624 5529 737 5598 qualitas
756 5529 919 5598 exprimitur
935 5528 965 5580 in
984 5529 1071 5583 literis
1095 5531 1170 5585 inse·
1224 5537 1301 5587 muni
1318 5533 1363 5586 die
1373 5533 1565 5600 praeveniente
1574 5537 1663 5605 priten
1673 5535 1742 5605 ,fflr
1754 5557 1837 5593 meme
1848 5553 1900 5594 erst
1913 5542 2020 5612 ,estare

300 5617 314 5659 t
351 5613 515 5666 visurorum.
535 5613 606 5666 ilinc
626 5612 729 5666 nobiles
753 5612 886 5666 Gancien
906 5611 1058 5666 subsassalii
1084 5613 1170 5667 domi·
1223 5619 1291 5672 item
1308 5623 1445 5674 wennei'n
1463 5619 2020 5699 meuldin-Manuconfidep‘ussornas·

348 5711 446 5750 notum
466 5696 501 5754 ai
523 5696 606 5752 otim
623 5706 650 5752 ei
666 5697 744 5752 Dsrtt·
766 5697 932 5753 Censorium
951 5695 981 5752 in
999 5697 1117 5772 untiquib
1134 5697 1172 5754 u.
1223 5719 1268 5776 te,
1287 5702 1379 5764 ΝΜ
1394 5717 1509 5780 propter
1520 5707 1829 5767 continentiamcwm
1841 5713 1883 5768 du
1895 5711 2018 5769 saclusa!
