4404 6242
382 217 433 288 ὅτι
964 205 1155 264 ntsturtt.
1173 209 1230 264 XV.
1249 207 1368 262 ctrur
1385 207 1420 262 ii·
1906 199 1959 258 ido

324 325 415 370 torum
433 312 575 368 literarum
593 303 704 376 penitus
727 300 841 373 igriorem
846 297 957 370 firmi,
978 319 1031 356 non
1058 304 1139 358 modo
1190 315 1279 358 contre
1291 303 1355 356 beer.
1368 303 1461 355 inoete
1472 302 1528 369 iura
1541 309 1613 370 egat,
1623 316 1751 369 eornmqe
1762 298 1935 369 leooeantiere
1946 313 2008 368 pro·

323 401 493 471 coangelicam
505 393 614 467 publice
624 389 764 450 docuieeee
775 386 825 441 red
840 397 866 439 et
883 386 1034 440 honoribus
1045 388 1141 440 docto·
1193 399 1252 458 pter
1269 387 1416 458 primorum
1435 387 1569 440 literarum
1588 387 1790 440 destitutionem
1801 386 1893 454 alleget
1902 421 1913 450 ,
1927 385 2009 436 mini·

324 487 430 542 raliiur
443 483 581 552 utriusque
588 475 661 548 iuris
673 474 701 526 ite
716 469 859 526 academia
866 469 1023 542 coloniensi
1027 471 1142 537 acceptis
1196 489 1237 522 me
1250 470 1396 524 eudicndue
1414 471 1476 522 erit.

327 569 425 624 ibidem
437 569 466 620 in
476 562 623 638 gymnasio
634 557 739 628 publice
746 556 812 625 jure
822 573 884 606 cum
896 553 1018 608 creatore
1030 565 1143 624 stupore
1230 553 1308 624 Quod
1320 572 1382 608 sero
1394 553 1569 625 ignorantium
1580 556 1647 624 juris
1660 557 1749 610 cirilie
1761 553 2013 627 epectat,tneetpri·
2056 572 2085 613 ti

327 653 464 719 docuisse,
483 651 569 703 tttror
587 645 726 712 utriusque
735 638 824 709 juris,-
834 655 902 706 quos
915 658 1057 710 nunqnam
1068 639 1141 695 uide·
1193 640 1253 692 dem
1269 657 1321 692 non
1335 638 1420 705 sugit,
1439 640 1557 692 cemdem
1573 643 1718 704 neminem,
1735 659 1795 694 cuae
1807 637 1886 692 effeto
1899 639 2015 709 impere-

328 747 374 788 ιιι
385 744 435 788 cut
447 734 563 801 legerat,
577 727 733 782 memoriter
744 724 882 776 recitasse.
899 725 996 775 Verum
1014 724 1087 776 enim
1102 743 1144 778 oe·
1195 723 1258 776 toris
1277 723 1317 788 ius
1331 721 1439 775 finitum
1453 724 1471 774 i.
1484 741 1508 774 e.
1522 735 1622 777 certum
1641 741 1698 777 esee
1709 726 1795 794 possit
1807 735 1833 774 et
1845 721 1938 776 debeet
1956 723 1975 775 i.
1990 732 2014 776 t.

330 816 416 880 ro,ei
436 805 842 880 boeteliequeceempieplure
855 806 1145 872 mecumeuoleo‚raro
1184 803 1271 875 ffide
1283 805 1305 874 1'.
1318 805 1376 874 ets.
1385 807 1407 875 j.
1419 823 1543 859 exeueere
1555 809 1575 860 i.
1588 809 1613 860 d.
1625 808 1808 878 quodrgedco
1826 815 1975 871 aerum,ut
1988 817 2018 860 et
2056 815 2088 856 ιι

325 899 508 968 contingendo
525 898 604 960 dico,
622 910 688 962 qnae
706 891 767 944 licet
786 907 838 942 non
857 889 1019 956 rejicieude,
1036 909 1086 944 nec
1109 903 1145 946 te-
1195 890 1369 957 ignorentiem
1383 901 1428 942 eut
1440 892 1508 957 juris
1523 893 1692 963 municipalis
1703 904 1743 945 eut
1756 891 1888 944 statutarii
1901 892 2018 959 ellcgan·

327 981 568 1037 meniudeetetim
588 979 676 1046 regule
691 971 829 1028 inemende
844 973 863 1026 i·
878 968 1058 1043 t.etspp.ffi
1071 973 1143 1026 dett.
1196 981 1249 1022 tem
1265 972 1332 1024 bend
1346 972 1523 1026 emittendum
1536 975 1832 1030 cettcttrtmettmto.
1848 992 1876 1026 n.
1891 983 1933 1024 ts.
1947 975 2021 1028 cont.

327 1063 470 1116 Ordinerie
490 1061 562 1113 euim
580 1056 808 1129 jurisprudentiec
824 1054 999 1106 edttcccodce
1016 1055 1085 1108 ratio
1102 1071 1147 1108 cx·
1197 1053 1276 1108 Carti.
1289 1058 1388 1110 Tnecb.
1402 1070 1468 1110 tom.
1483 1061 1537 1113 t.1.
1553 1073 1576 1112 t.
1588 1063 1675 1114 conci.
1691 1073 1729 1112 tt·
1743 1081 1772 1114 n.
1787 1069 1940 1114 &ettamen
1954 1079 2019 1114 cnet

325 1146 430 1220 poscit,
442 1156 472 1198 ut
488 1161 517 1196 ee
537 1143 560 1196 ei
580 1160 632 1194 oon
644 1143 674 1194 in
686 1147 787 1200 totum,
807 1147 895 1190 temen
907 1153 941 1190 ex
956 1147 1030 1207 perte
1041 1154 1074 1190 ee
1087 1155 1147 1190 ean·
1197 1155 1244 1190 nee
1257 1139 1441 1210 incognitum,
1452 1143 1560 1197 rusticis
1573 1129 1602 1196 in
1614 1143 1747 1214 eliquibee
1767 1145 1887 1207 cesibue,
1901 1161 2020 1213 preeser·

326 1229 448 1283 ctieeimo
462 1227 581 1298 justitiae
595 1225 694 1294 templo
712 1224 729 1276 l.
746 1234 769 1274 t.
781 1222 804 1288 ς.
818 1233 842 1274 ι.
853 1238 878 1273 e.
889 1221 922 1275 de
935 1239 957 1274 e.
964 1221 988 1290 j.
1002 1243 1025 1276 c.
1039 1221 1146 1274 beurie·
1199 1221 1248 1272 tim
1269 1221 1297 1273 iu
1315 1224 1373 1288 jure
1390 1225 1533 1295 expressis,
1556 1227 1596 1279 rel
1615 1225 1661 1278 nbi
1678 1225 1797 1296 eequitee
1805 1225 1921 1292 judicem
1940 1243 2019 1279 con.

327 1323 386 1378 tur,
403 1321 480 1380 etque
498 1309 531 1365 ed
551 1307 655 1378 negotio
671 1305 777 1368 civille,
797 1304 827 1358 in
846 1307 972 1358 socictete
984 1307 1094 1375 politice
1103 1321 1145 1360 oo·
1198 1321 1303 1359 morere
1320 1305 1413 1372 debet,
1430 1311 1499 1376 juris
1517 1309 1695 1378 ignorantium
1715 1327 1773 1364 eeee
1790 1323 1963 1374 coemam,
1987 1318 2022 1362 ιιι

327 1393 477 1456 currentia,
497 1401 573 1461 prout
593 1391 662 1444 selue
680 1389 748 1458 reip.
767 1386 879 1454 sordet,
904 1391 1060 1460 applicetur.
1078 1390 1147 1443 Con·
1197 1386 1249 1439 lete
1268 1389 1348 1444 tradit
1367 1393 1433 1444 lien.
1453 1393 1555 1463 Cbopp.
1567 1392 1783 1462 teprtmuc
1800 1394 1818 1444 i.
1836 1403 1859 1445 t.
1876 1412 1908 1462 p.
1919 1405 1944 1444 ι.
1957 1411 1980 1446 c.
1995 1405 2020 1447 t.

326 1487 379 1531 etet
396 1494 474 1540 cero,
491 1493 521 1528 ec
540 1475 612 1526 iuter
629 1475 705 1526 ictos
723 1479 825 1524 certum
844 1479 897 1536 eet,
917 1491 932 1524 e
952 1473 1009 1525 Deo
1025 1475 1144 1528 omnium
1198 1471 1277 1523 etiem
1291 1475 1483 1544 enelpbebetoe
1494 1477 1524 1530 iu
1536 1477 1619 1530 certis
1630 1476 1904 1532 ceeibesobretiouie
1915 1475 2020 1531 identi-

326 1561 466 1614 bominum
491 1557 626 1612 mentibus
651 1554 762 1608 notities
788 1555 917 1608 naturalce
947 1555 1048 1610 inditos
1072 1574 1148 1622 esee,
1196 1565 1292 1619 tatem,
1309 1559 1408 1628 edeoq;
1425 1559 1462 1614 ob
1479 1562 1602 1614 camdem
1622 1561 1689 1629 jurie
1708 1561 1915 1632 dispositionem
1935 1562 1954 1614 1.
1974 1571 2020 1616 ιι.

325 1653 391 1714 qn're
410 1643 443 1697 ed
461 1642 590 1712 justitium
604 1639 737 1695 colendum
752 1655 797 1695 eos
810 1638 953 1710 impellunt
965 1657 995 1692 ec
1008 1639 1146 1710 instigent,
1187 1634 1229 1705 ff
1243 1639 1281 1690 ed
1291 1641 1309 1692 i.
1323 1643 1405 1710 aquil.
1420 1653 1446 1696 et
1457 1643 1474 1696 i.
1492 1654 1550 1697 tot.
1564 1644 1598 1696 de
1610 1663 1671 1700 cuo.
1682 1645 1853 1714 jceignorerc
1862 1663 1947 1716 poree,
1963 1664 2020 1700 oon

327 1726 490 1798 Oldendorp.
507 1727 586 1780 cless-
616 1737 640 1780 t.
666 1735 721 1778 oct.
748 1737 771 1778 t·
796 1723 817 1789 ς.
840 1741 932 1792 poem.
951 1724 1009 1776 fluo
1027 1724 1146 1778 collimet
1197 1729 1238 1773 eet
1253 1721 1323 1791 quod
1342 1724 1472 1778 dubitem.
1491 1724 1643 1796 Nemqteeei
1657 1727 1787 1780 rationem
1801 1727 2021 1799 inquirerelicet,

325 1813 404 1866 trium
424 1821 618 1882 preeccptorum
633 1809 660 1860 in
672 1811 730 1876 jore
742 1821 927 1882 expressorum
945 1807 1146 1878 compendium,
1198 1802 1232 1855 ob
1249 1822 1327 1874 quem
1348 1805 1494 1878 imperetur
1511 1812 1620 1862 rusticis
1639 1809 1782 1863 subuenire
1799 1813 1896 1878 eolnit,
1910 1831 1964 1867 nou
1977 1816 2024 1867 oi·

325 1891 499 1962 omniumque
515 1893 663 1960 regularum
682 1889 854 1959 juridicorum
874 1907 990 1944 mmme:
1008 1893 1077 1962 quod
1097 1894 1147 1946 riht
1198 1887 1219 1938 si
1239 1891 1398 1942 ereticorum
1421 1891 1625 1962 situplioitstem
1644 1895 1676 1945 ad
1695 1893 1968 1964 illudpririiegimn,
1988 1910 2020 1952 ut

327 1993 380 2030 non
401 1977 440 2030 ris
451 1972 512 2028 fieri
526 1976 605 2028 alteri
620 1992 672 2027 non
692 1973 788 2026 leceris
804 1972 901 2026 Morti.
921 1984 946 2025 t.
959 1991 981 2026 u.
999 1985 1041 2027 te.
1060 1977 1145 2043 liniue
1197 1971 1249 2036 iem
1267 1989 1348 2042 supro
1359 1991 1381 2025 c.
1399 1985 1421 2025 t.
1439 1975 1575 2038 dietum,
1587 1977 1706 2028 eemdern
1727 1979 1920 2032 commovisset
1934 1999 2019 2054 eppe.

324 2060 397 2129 juris
413 2061 528 2116 cultores
546 2057 734 2132 enelpbebetce
751 2074 810 2112 esee
821 2075 900 2128 posse
906 2095 916 2124 ,
934 2075 1013 2113 nemo
1030 2064 1145 2130 negebit,
1198 2053 1281 2123 cebir,
1299 2056 1400 2127 quippe
1418 2073 1495 2122 cum,
1518 2059 1670 2128 Virgilium
1687 2077 1781 2127 seusu,
1808 2061 1859 2114 boo
1876 2063 2020 2120 bominum

324 2145 490 2217 praeprimis
506 2161 564 2198 enm
585 2145 650 2198 haec
668 2144 726 2214 ipse
752 2143 960 2214 jurisprudentia
977 2145 1098 2198 omnium
1117 2147 1146 2200 in
1194 2155 1277 2206 genoe
1295 2143 1372 2211 plene
1390 2141 1424 2197 sit
1442 2141 1589 2196 forensium
1606 2142 1756 2196 ceutionum
1777 2144 1912 2212 ignarum,
1930 2145 2022 2216 Cbop-

325 2231 379 2285 troc
395 2229 495 2284 mundo
512 2231 593 2284 ritem
612 2227 765 2296 degentium
785 2225 908 2278 cordibus
922 2228 958 2278 eit
970 2227 1056 2280 indite
1068 2241 1147 2300 etque
1197 2219 1254 2286 Pin·
1271 2221 1299 2274 d·
1315 2221 1334 2272 ¹·
1346 2240 1372 2274 ⁰·
1384 2235 1407 2276 ³·
1427 2225 1455 2276 Si
1475 2239 1538 2291 “3⁰
1557 2223 1699 2276 ‘limium
1717 2227 1786 2294 (1⁰⁰4
1801 2243 1843 2280 ’θ’
1861 2235 1903 2282 ‘⁸²
1914 2265 1922 2293 e
1935 2229 2021 2284 ‘iim

325 2312 459 2383 inscript,
478 2315 558 2367 Rom,
574 2322 598 2366 ι,
620 2309 842 2380 15‚qnt,1,tqu0d
858 2310 981 2362 omnibus
999 2311 1147 2368 cinnum,
1176 2304 1376 2375 ,cnetphdtctte
1393 2305 1428 2358 ob
1447 2307 1514 2360 benc
1533 2307 1619 2376 ipeem
1638 2309 1842 2378 simplicitatem
1869 2329 2023 2366 succurren-

326 2396 417 2448 lumen
437 2404 523 2448 rectae
540 2395 652 2448 rationis
673 2395 795 2457 dictitet,
816 2411 895 2446 suum
917 2393 999 2447 urticis
1017 2413 1076 2451 cese
1099 2401 1145 2454 tri·
1197 2385 1261 2438 ‘¹⁰¹⁰
1275 2405 1332 2442 ΕΜ
1350 2389 1490 2452 ssiilimot
1510 2390 1609 2461 quudm
1627 2409 1680 2444 non
1699 2395 1790 2446 seltem
1806 2395 2023 2467 imperatorin.

325 2477 477 2544 bbendum,
494 2493 546 2546 qrro
563 2477 714 2544 observato,
732 2475 837 2543 justitie
855 2477 924 2529 culte
937 2479 1142 2534 etedminietre·
1197 2469 1245 2521 “ii-
1263 2489 1286 2522 θ·
1299 2470 1333 2522 ¹¹⁶
1345 2481 1451 2526 letiam·
1471 2471 1533 2524 dum
1553 2474 1661 2529 militm
1679 2483 1705 2528 ei
1724 2476 1861 2532 literarum
1880 2481 2025 2550 imperitae

324 2569 353 2614 ιι
370 2561 432 2615 erit.
453 2562 491 2614 td
505 2562 572 2614 butte
589 2579 650 2616 vero
669 2560 789 2632 justitiee
799 2559 1073 2627 edmiuietretiouem,
1093 2581 1145 2618 non
1197 2552 1342 2619 wmbiflilt
1353 2555 1400 2608 ⁸²1¹
1414 2555 1558 2608 cimelii
1568 2557 1585 2609 i·
1595 2569 1678 2610 l·⁶·i·
1691 2559 1833 2614 iiiilettlut
1845 2578 1905 2614 uum
1919 2563 2023 2617 villicis

325 2659 371 2706 en,
388 2661 455 2713 quere
472 2643 537 2697 elios
556 2644 584 2696 in
603 2643 815 2715 jurisprudentia
828 2643 995 2714 systematice
1007 2662 1045 2699 sc.
1058 2649 1144 2700 oonsi-
1196 2653 1364 2707 mmmm.
1382 2641 1458 2706 uuiti!
1476 2639 1600 2692 meminit
1618 2641 1758 2694 liutwitus
1770 2641 1836 2712 disp·
1855 2645 2021 2702 animarit.

325 2727 414 2782 amp.
434 2727 617 2800 requiruntur,
638 2728 837 2791 antaeum„
857 2726 902 2780 „d
921 2726 1003 2780 „tm
1016 2731 1145 2784 „pionem
1199 2731 1220 2772 t.
1234 2737 1258 2772 c.
1271 2731 1295 2771 ι.
1308 2721 1421 2776 innuere
1438 2722 1551 2777 eoluieee
1562 2723 1694 2778 vitientur.
1714 2727 1749 2778 tt
1766 2744 1828 2780 rem
1841 2745 1874 2782 ne
1887 2733 1948 2800 quis
1961 2734 2020 2786 exi-

323 2809 588 2882 ineurruptempque
608 2812 677 2864 duce
693 2811 874 2880 unusquisque
892 2808 1088 2878 boneeteeirit,
1102 2831 1147 2867 ne·
1197 2805 1304 2872 elimet,
1324 2807 1407 2861 nimie
1425 2809 1544 2879 emplum
1565 2809 1616 2864 boo
1633 2821 1762 2864 eeeertnm
1780 2829 1854 2880 esse,
1879 2817 2024 2875 sciendum

324 2896 428 2951 minem
448 2895 546 2959 lecdit,
571 2911 647 2948 sunm
666 2893 750 2948 cuivis
768 2892 884 2958 tribuit,
908 2909 961 2946 non
981 2893 1083 2960 legibus
1107 2897 1148 2950 sic
1197 2887 1247 2940 ¹¹0⁰
1265 2891 1434 2961 privilegium
1454 2901 1510 2946 lum
1536 2892 1627 2945 sellim
1654 2893 1742 2946 lunum
1771 2893 1884 2963 hebere,
1902 2899 1927 2953 ei
1953 2905 2025 2957 enat.

325 2977 547 3048 tiieponeutihuse
565 2977 612 3032 sed
632 2986 719 3032 rectus
737 2977 851 3030 rationie
869 2977 977 3028 etimuio
994 2977 1138 3034 dictitente.
1196 2971 1303 3042 phebeti
1322 2975 1466 3045 peritiores
1483 2977 1621 3030 contulere
1637 2989 1784 3048 neqoceot,
1803 2999 1858 3052 erp.
1875 2983 1894 3036 l.
1913 2995 1940 3035 ι.
1958 2993 1981 3051 ς.
1996 3001 2020 3042 ι.

361 3061 488 3114 Vidimne
506 3061 555 3113 boo
574 3071 662 3130 pecto,
682 3079 732 3131 que
751 3059 856 3113 retione
880 3058 1047 3130 enelpbebeti
1066 3062 1146 3129 juris·
1195 3053 1231 3124 ff.
1248 3056 1312 3127 deJ'.
1325 3059 1385 3128 etss
1394 3059 1417 3128 Ῐ.
1437 3059 1559 3114 sienim
1578 3063 1700 3116 ictorum
1718 3063 1821 3133 copiem
1842 3066 1940 3122 bebere
1957 3088 2021 3140 poe-

325 3142 470 3214 prudentes
489 3157 547 3196 esee
564 3159 616 3196 non
636 3142 799 3212 possint,et
811 3149 939 3211 quatenus
957 3157 1017 3195 esee
1034 3145 1144 3213 possint.
1195 3139 1251 3192 sint
1257 3179 1267 3207 ,
1286 3158 1331 3195 eos
1360 3160 1421 3197 tero
1438 3143 1474 3196 ob
1492 3146 1628 3214 propriem
1651 3145 1856 3216 eimplicitetem
1874 3149 1942 3203 baud
1961 3171 2024 3208 con·

326 3225 380 3280 sm
398 3243 431 3280 ne
449 3237 523 3280 cetre
535 3227 621 3294 oleee,
641 3236 668 3281 ut
685 3225 791 3288 dicunt,
804 3224 893 3294 regeri
907 3223 1145 3286 ridear.commo·
1195 3227 1283 3278 solere
1301 3227 1397 3280 malint
1406 3265 1417 3293 ,
1442 3226 1620 3298 ignorantium
1646 3229 1716 3297 juris
1740 3231 1884 3300 allegantes
1902 3235 2019 3290 minime

323 3325 386 3362 nem
406 3309 451 3362 bic
471 3309 673 3380 quecstiouem,
699 3319 837 3379 antequem
858 3308 892 3362 ed
909 3310 1066 3380 promiseem
1087 3329 1143 3365 mo·
1196 3309 1313 3362 reuereri
1333 3321 1442 3380 poscunt
1459 3311 1478 3364 i.
1501 3309 1593 3380 ruff·
1611 3311 1645 3365 de
1664 3312 1729 3366 iore·
1743 3330 1817 3383 pose.
1834 3315 1853 3366 i.
1879 3324 1904 3367 ι.
1922 3317 1945 3383 §.
1965 3320 2016 3374 etr.

324 3391 434 3448 tbudum
453 3411 496 3447 me
512 3392 665 3460 conferam,
684 3394 773 3464 peucie
790 3404 900 3448 trectere
919 3393 1015 3458 lubet,
1033 3411 1085 3463 que
1105 3411 1142 3447 re·
1185 3389 1228 3461 ff.
1247 3391 1308 3462 puis
1325 3393 1394 3447 nmio
1412 3392 1441 3447 in
1457 3410 1530 3463 pnes.
1549 3393 1681 3448 tremet.
1699 3412 1723 3448 e.
1745 3407 1861 3452 totno-
1876 3408 1919 3451 ιι.
1937 3399 2021 3456 Coos.

284 3535 285 3538 ,
325 3478 399 3532 tione
414 3477 601 3549 anelpbebetos
617 3477 686 3546 juris
704 3477 854 3547 ignorantia
879 3473 1003 3530 excuset?
1022 3476 1053 3530 lu
1070 3488 1144 3533 ente·
1198 3473 1303 3528 Bursel·
1321 3475 1420 3530 contii.
1440 3487 1499 3531 tot·
1517 3494 1544 3530 tt·
1565 3487 1607 3532 tt.
1624 3479 1744 3547 quoeris
1767 3479 1851 3534 etiem
1875 3481 2022 3551 prudentes

323 3580 427 3618 cessum
453 3562 578 3617 monendi
611 3579 702 3616 eumue
727 3561 882 3630 neminique
904 3561 1027 3629 ignotum
1048 3561 1142 3627 credo,
1192 3557 1235 3612 illi
1253 3575 1306 3612 non
1324 3560 1353 3612 in
1373 3560 1550 3626 looo,eedin
1564 3560 1663 3614 vicinio
1678 3561 2020 3639 repr-riantur,'lireepuell.

323 3650 392 3720 juris
418 3647 596 3718 ignorantium
615 3649 656 3700 rel
675 3645 742 3714 iuris
761 3645 890 3698 neturelis
906 3662 984 3710 esse,
1007 3647 1047 3698 rel
1074 3647 1142 3714 juris
1193 3641 1561 3711 derrirurt·uonvent.§.t.
1578 3644 1699 3714 giers-t.
1718 3645 1815 3716 infin·
1833 3649 1875 3701 uti
1893 3652 2020 3708 citeture

325 3737 421 3793 uirilis.
440 3736 514 3788 illem
529 3735 588 3789 dico
603 3734 776 3788 nescientium
790 3731 942 3785 dictaminis
959 3743 1043 3786 reetee
1062 3734 1141 3786 retio·
1193 3726 1217 3778 b·
1237 3728 1285 3778 tin·
1304 3726 1540 3784 Brunuemtuenuo
1558 3728 1587 3782 iu
1606 3727 1755 3798 comm-ff
1774 3731 1814 3784 uei
1828 3733 1847 3784 i·
1869 3745 1893 3788 ι.
1911 3735 1945 3788 de
1953 3737 1976 3806 j.
1988 3751 2016 3792 et

322 3822 383 3884 nis,
402 3821 468 3874 bauo
487 3817 620 3872 deiectum
638 3815 908 3886 scientieejuridicee
926 3815 996 3869 circa
1014 3833 1059 3882 es,
1076 3834 1142 3887 quae
1192 3808 1256 3880 eij?
1267 3811 1290 3881 ι’.
1309 3811 1415 3864 Fellurtt
1432 3823 1521 3866 eutem
1546 3813 1610 3868 bete
1636 3813 1691 3884 ipse
1717 3815 1747 3868 in
1774 3814 1850 3868 bisce
1867 3821 2016 3888 omnibus,

321 3907 364 3974 jue
380 3919 522 3956 commune
538 3899 667 3972 disponit.
685 3899 781 3954 Bertol.
792 3897 821 3952 in
836 3899 854 3952 i.
868 3909 891 3948 ι.
904 3915 927 3952 c.
941 3896 1054 3970 punctio
1064 3915 1139 3968 prou.
1190 3913 1256 3964 quoe
1273 3895 1304 3948 ud
1323 3895 1439 3966 rigorem
1457 3898 1526 3966 juris
1543 3897 1768 3964 conservantium,
1783 3901 1824 3953 cel
1841 3899 1875 3955 etl
1887 3914 1962 3959 cotue
1973 3925 2017 3961 ιο-

322 4003 378 4040 ιιι
390 3997 595 4050 rerumrerum,
613 4000 698 4055 neque
717 3983 793 4034 illem
811 3997 898 4052 neque
918 3980 985 4033 bono
1005 3978 1139 4050 praesumi
1190 3978 1357 4032 lemnitatem
1375 3989 1438 4033 eunt
1457 3979 1572 4034 inducte.
1600 3981 1688 4036 Sooin.
1707 3985 1791 4053 regui.
1814 3996 1853 4037 ιι.
1882 3989 2018 4045 reference

321 4079 366 4122 eut
382 4069 464 4123 etiem
483 4083 628 4132 excusere,
654 4065 755 4137 puriter
773 4065 801 4116 iu
817 4063 939 4116 omnium
959 4061 1139 4131 theologorum
1191 4062 1296 4114 Tuscbc
1314 4062 1354 4115 lit.
1374 4080 1396 4115 r.
1414 4065 1494 4118 cond.
1515 4075 1576 4118 ιιι.
1596 4064 1668 4120 ilinc
1685 4067 1873 4136 enelpbebetus
1890 4082 1936 4125 eut
1953 4074 2016 4143 qui.

321 4170 352 4205 ec
366 4155 485 4206 ictorum
499 4165 545 4202 ore
557 4161 607 4204 est.
618 4166 683 4204 eon.
694 4149 828 4202 turbator.
845 4143 916 4217 t².§.
929 4144 993 4197 item
1006 4145 1139 4214 ignoren-
1188 4143 1255 4198 libet
1271 4145 1449 4200 instrumente
1464 4155 1512 4200 eut
1528 4147 1700 4217 probationes
1726 4151 1795 4206 intre
1816 4163 1919 4224 tempus
1936 4160 1979 4210 ecl
1995 4177 2014 4212 ι

320 4233 369 4286 tie.
381 4251 404 4286 c.
421 4247 442 4286 ι.
455 4251 481 4302 q.
493 4242 516 4284 t.
526 4249 551 4286 c.
568 4245 609 4287 tt·
619 4235 653 4288 de
665 4250 688 4284 r.
697 4231 718 4299 Ῐ.
731 4233 760 4284 in
776 4241 828 4286 rto.
841 4231 859 4282 i.
874 4242 900 4283 ι.
907 4227 949 4297 ff
962 4229 1004 4300 de,
1013 4229 1034 4300 1'.
1048 4228 1105 4299 ctfi
1113 4231 1138 4302 j.
1189 4227 1261 4298 lege,
1280 4231 1320 4284 rel
1339 4239 1459 4298 stetuto,
1478 4232 1519 4288 vel
1537 4251 1551 4286 a
1569 4233 1660 4301 judice
1673 4251 1725 4288 non
1739 4237 1890 4305 producens
1902 4253 2001 4314 propte

323 4317 394 4370 Geil.
407 4317 425 4368 i.
440 4327 464 4372 t.
475 4335 501 4371 o.
515 4326 557 4370 tt.
568 4333 595 4370 n.
610 4327 652 4368 ιι.
671 4316 755 4370 Nemo
775 4315 865 4378 enirn,
885 4313 964 4366 modo
976 4314 1089 4367 rationis
1102 4317 1139 4370 sit
1188 4311 1255 4378 iuris
1274 4311 1450 4380 ignomntiem
1469 4325 1514 4370 ent
1530 4318 1652 4372 edroneti
1666 4319 1819 4384 inscitiam,
1830 4323 1925 4392 rigoris
1935 4329 2014 4396 judi.

320 4415 418 4472 ceper,
437 4401 540 4455 nescire
558 4401 637 4455 debet
655 4399 696 4466 id,
711 4399 782 4470 quod
800 4399 834 4452 eb
853 4399 911 4469 ipse
929 4407 1021 4451 netorc
1042 4401 1140 4452 menti·
1188 4395 1290 4448 ciorum
1308 4399 1482 4452 cunserrendi
1499 4417 1574 4455 cause
1593 4419 1755 4474 nequequem
1771 4419 1918 4465 excusetur.
1933 4411 2016 4476 Reid,

320 4483 370 4536 bus
389 4483 489 4536 ιιοιιιίι
508 4484 656 4554 ingenitum
671 4496 693 4538 et
708 4481 883 4552 inscriptum,
902 4491 933 4533 ut
951 4481 1088 4552 colligitur
1100 4503 1137 4537 eo·
1190 4479 1221 4531 in
1240 4480 1259 4530 l.
1270 4479 1341 4550 juris
1362 4481 1552 4550 ignorantiam
1570 4503 1593 4539 c·
1611 4488 1661 4557 pei
1682 4489 1792 4544 admitti
1807 4493 1845 4546 oti
1861 4495 1926 4550 too.
1940 4514 2016 4564 pore.

319 4569 377 4624 1.ιί
387 4569 561 4625 adulterium.
577 4571 653 4637 ιιι.
669 4579 690 4619 t.
699 4566 743 4635 ff.
755 4567 794 4620 od
810 4567 829 4618 l.
845 4565 897 4635 joi.
910 4565 943 4619 de
956 4565 1041 4618 adult.
1061 4565 1139 4618 Coni.
1190 4563 1275 4633 sctyc.
1293 4562 1322 4616 iu
1340 4564 1359 4618 i.
1375 4582 1441 4634 pen·
1459 4583 1483 4620 c.
1501 4567 1618 4632 eodem,
1644 4569 1769 4638 idemque
1789 4577 1916 4645 epprobet
1938 4578 2015 4636 liert.

321 4653 398 4708 zoes.
410 4653 448 4708 ud
458 4650 543 4721 tit-ff.
556 4653 588 4706 cie
595 4651 619 4721 1'.
632 4649 691 4720 ets
699 4652 722 4720 1⁹.
736 4670 763 4704 n.
785 4661 808 4703 ι.
827 4649 928 4702 Omnes
946 4647 1027 4700 etiam
1044 4650 1116 4717 leges
1130 4687 1138 4717 ,
1190 4646 1218 4700 in
1237 4647 1256 4698 1.
1278 4658 1300 4698 t.
1317 4654 1339 4710 §·
1354 4646 1497 4704 nunciatio
1509 4651 1582 4706 circo
1589 4650 1649 4721 fin.
1657 4651 1699 4720 ff.
1714 4657 1746 4709 de
1758 4660 1830 4711 novi
1839 4675 1918 4728 oper.
1931 4682 2012 4721 ιιιιι.

318 4753 384 4806 quee
403 4737 590 4804 constringunt
607 4735 745 4788 hominnm
764 4733 896 4797 cotiones,
915 4732 983 4786 seire
1001 4743 1025 4786 et
1037 4732 1140 4786 intelli·
1189 4729 1253 4784 ciret.
1274 4731 1355 4786 Periti
1375 4733 1453 4789 modo
1471 4753 1520 4790 neo
1536 4737 1725 4810 eoelpltubetus
1744 4751 1930 4801 testimenium
1947 4765 2013 4804 con·

321 4835 382 4888 pere
400 4819 543 4884 debemusp
562 4827 588 4872 et
608 4822 657 4873 tete
670 4821 746 4888 colpe
771 4828 827 4881 est,
847 4815 915 4884 juris
933 4815 1139 4886 dispositionem
1189 4811 1253 4866 ‘iens
1274 4817 1407 4884 pluriores
1427 4829 1520 4885 testes,
1539 4839 1617 4892 quem
1633 4835 1697 4893 quot
1709 4824 1742 4878 dc
1760 4827 2013 4904 jurerequinrnter,

318 4903 441 4971 ignorere
458 4903 477 4955 Ι.
489 4915 513 4956 ι.
526 4919 550 4954 c.
562 4902 596 4954 de
608 4902 635 4954 il.
649 4902 667 4952 t.
681 4911 705 4953 ι.
718 4919 743 4954 o.
760 4909 800 4953 ιι.
813 4919 840 4953 n.
857 4910 898 4952 tt.
917 4901 957 4953 lte
975 4900 1136 4956 sodomitam
1188 4896 1316 4950 adhibere
1334 4908 1438 4968 potest,
1456 4903 1534 4974 sique
1553 4905 1603 4960 boc
1621 4907 1715 4973 tuctu,
1732 4919 1760 4964 et
1776 4929 1825 4982 per
1841 4931 1961 4971 errorem
1979 4937 2012 4977 ι.

318 4985 398 5052 boine
411 4983 580 5040 ebominendi
594 4984 702 5036 sceleris
716 4983 834 5053 ignorum
845 4981 927 5037 fuisse
940 4985 1070 5053 (quemvis
1084 5003 1138 5038 me·
1189 4997 1255 5050 quoe
1272 4979 1306 5034 ed
1326 4986 1479 5039 testementi
1496 4987 1609 5044 formem
1629 5001 1692 5044 sunt
1711 4993 1818 5048 indocte
1830 4999 1956 5066 omittet,
1970 5005 2014 5070 ju·

318 5063 411 5136 gnifici
431 5067 487 5122 icti
506 5067 535 5121 in
553 5066 724 5120 celeberrime
746 5067 795 5120 bec
812 5066 962 5133 academie,
977 5067 1022 5120 dn.
1037 5069 1139 5122 Preesi·
1190 5067 1228 5116 ris
1247 5064 1411 5134 ignorantie,
1429 5079 1474 5121 aut
1492 5071 1601 5124 consilii
1620 5074 1780 5144 peritiorum
1800 5079 1903 5136 deiectu
1921 5099 1950 5136 ee
1972 5095 2012 5140 te·

318 5150 351 5202 de
366 5149 512 5217 referente,
527 5151 576 5204 boc
588 5150 677 5220 ipsum
691 5149 813 5219 exemplo
831 5151 943 5221 quodem
957 5151 1072 5223 experti)
1084 5169 1137 5207 ooo
1189 5163 1269 5215 gens,
1288 5147 1435 5204 odiendos
1453 5169 1507 5206 nou
1526 5156 1600 5219 erit,·
1624 5159 1680 5212 imo
1703 5159 1837 5230 dicimus,
1863 5178 1950 5221 ectum
1971 5171 2014 5225 ιιι

316 5233 485 5293 credendum.
500 5235 576 5288 Retio
589 5234 660 5287 enim
676 5243 748 5286 rccte
762 5233 877 5298 dictitet,
898 5234 995 5287 citium
1008 5233 1136 5290 bocdete·
1188 5229 1348 5284 celebratum
1367 5232 1427 5301 ipso
1444 5237 1502 5303 jure
1519 5239 1622 5292 nullum
1642 5259 1721 5308 esse,-
1745 5255 1776 5298 ut
1792 5258 1835 5302 est
1851 5251 1932 5318 gloss.
1949 5253 2008 5307 erir-

2059 1063 2089 1105 li

2057 2751 2091 2794 20

318 5319 458 5382 standum,
477 5327 568 5372 contre
588 5317 737 5384 ingenitum
756 5325 865 5368 neturee
884 5317 1059 5380 lumenessee
1076 5331 1136 5370 eum
1187 5313 1292 5382 peloris
1308 5315 1338 5368 ire
1357 5319 1432 5372 veri.
1450 5340 1508 5374 note
1528 5340 1565 5377 ec·
1583 5337 1673 5382 mente
1690 5328 1720 5383 in
1739 5330 1758 5382 1.
1777 5334 2007 5406 amttpctscresc,
2046 5355 2074 5400 ιι

315 5403 417 5475 pertitn
438 5403 504 5456 tries
523 5401 647 5454 homines
671 5403 698 5453 in
724 5400 890 5454 ebenonditie
908 5401 973 5454 lucie
991 5397 1135 5453 nefandum
1188 5399 1220 5451 rie
1239 5407 1346 5451 testam.
1366 5403 1475 5474 Hocque
1488 5405 1553 5460 iecit
1570 5409 1589 5460 l.
1606 5428 1685 5464 nemo
1698 5424 1802 5480 potest,
1815 5435 1873 5470 cum
1888 5421 1946 5474 illic
1960 5439 2007 5479 no-

317 5487 366 5540 },00
385 5490 471 5540 ποι...
489 5497 657 5556 perpetrare,
678 5485 779 5556 purtim
792 5483 872 5536 etiem
887 5494 946 5554 post
959 5483 1135 5554 perpetratio·
1189 5483 1250 5535 tetis
1260 5481 1301 5550 ff
1319 5485 1352 5537 de
1370 5485 1448 5555 legat.
1471 5501 1493 5542 ι.
1511 5493 1546 5542 ob
1564 5495 1709 5549 rationein:
1727 5501 1788 5566 qudo
1809 5501 1894 5556 iorme
1914 5524 1928 5557 a
1948 5507 2009 5576 lege

314 5585 376 5626 nem
397 5571 566 5642 tergiuersari
586 5572 693 5625 eteleeut.
718 5569 887 5641 Quapropter
903 5568 927 5622 ei
945 5568 1135 5640 unelphebetue
1189 5566 1286 5620 tradite
1303 5569 1335 5622 ed
1355 5589 1468 5640 unguem
1488 5592 1538 5628 nou
1557 5575 1712 5650 observem,
1732 5585 1822 5640 reddit
1839 5599 1926 5642 ectum
1946 5593 2007 5664 ipso
