4228 6240
177 268 222 322 222
604 257 654 313 ut:
674 255 758 313 vttt
780 253 967 310 turonen
987 249 1024 306 IN
1043 249 1170 311 clttsts
1190 251 1297 310 cts‘tt.
1687 263 1740 316 226

51 413 52 432 ,
90 382 100 427 t
134 361 272 435 deatQusd
289 360 311 416 si
329 359 401 414 euim
422 359 486 412 haec
504 365 574 412 easta
601 373 654 410 uon
673 353 770 417 222212,
789 351 857 408 baud
877 351 926 404 atu·
983 349 1092 404 12221212
1111 364 1341 424 eat,quseonus
1359 347 1489 422 probandi
1510 351 1732 410 inadversarious
1758 375 1797 412 re·

131 451 167 504 hie
181 451 248 502 aliter
264 445 489 518 pronunciandum
505 443 572 504 erit,
587 441 642 492 imo
656 449 765 509 propter
776 437 865 490 vitam
879 455 929 490 sn·
980 435 1047 503 jicit.
1065 436 1118 490 rid.
1138 436 1182 490 dn.
1202 441 1286 494 Sta-ur.
1313 441 1354 505 'pn
1362 435 1475 506 ι11222222.
1495 437 1514 490 l.
1532 450 1554 490 t.
1572 451 1591 493 t.
1608 450 1646 494 22.
1661 449 1684 504 t.
1697 455 1721 496 2.
1733 443 1799 498 adeo

133 543 230 588 22222222
250 539 338 599 partus
355 526 580 580 duodeuimestris
600 541 647 594 pro
665 522 788 590 legitimo
807 522 928 576 aestima·
979 529 1008 572 ul
1025 521 1089 572 lieet
1109 520 1710 590 12292122222222922212221222122.2122112
1730 534 1797 577 tem·

133 629 181 682 tar,
192 627 222 669 ut
231 615 253 667 si
271 615 345 665 vidus
364 613 402 664 sit
420 613 543 664 honestae
561 609 663 670 122222,
682 605 850 660 concorditer
867 621 928 656 cum
980 621 1042 675 pore
1060 605 1147 670 dicat,
1168 605 1329 676 probareque
1350 603 1429 668 22112,
1451 607 1540 674 plures
1557 609 1720 662 carneadem
1740 625 1798 662 rem

134 703 214 756 marito
231 699 340 761 viserit,
358 713 420 748 eom
443 694 519 748 valde
544 692 673 746 dilexerit
693 703 745 744 ate.
765 689 818 742 sid.
833 690 894 740 lob.
913 707 927 740 a
980 689 1121 755 babuisse,
1141 691 1253 744 iuterim
1272 698 1300 741 et
1318 687 1448 758 pendente
1466 690 1515 744 lite
1528 690 1695 747 adalimenta
1710 703 1799 746 tenea-

130 785 204 840 222212
218 783 263 835 112.
282 791 303 834 t.
322 779 400 836 decis.
415 775 513 846 stiria.
537 787 557 830 2.
585 791 607 830 2.
635 777 660 830 d.
690 788 731 828 to.
749 770 927 842 languilon.
984 773 1799 845 2221122921.22229222.2.82211ι222122,21122·
1855 770 1886 814 ¹⁶

132 869 223 922 Praeses
239 876 272 918 tr.
289 864 321 918 de
338 879 450 918 22222222.
468 862 503 914 ab
526 861 618 914 intest.
636 878 659 912 c.
682 871 704 912 2.
726 869 777 912 art.
802 869 824 910 t.
843 864 864 919 §·
888 868 928 910 22.
982 861 1070 912 minse
1093 860 1149 912 vitu
1176 867 1305 912 anteuetu
1323 855 1395 908 aliud
1414 874 1467 908 uon
1487 855 1591 911 iulerat.
1609 855 1676 908 Nam
1696 858 1719 909 si
1738 858 1802 912 aliis

85 969 94 1008 t
130 950 223 1002 addatur
239 948 373 1018 diposing.
393 957 463 1002 22222.
483 959 506 1000 2.
525 947 584 1000 obs.
605 956 648 998 tc.
667 962 693 996 u.
717 954 756 995 22.
780 943 833 996 Sed
847 942 929 1010 quid,
981 946 1066 1014 palam
1086 943 1174 998 aditus
1193 943 1226 996 ad
1247 944 1325 996 talem
1346 941 1490 994 foeminam
1510 944 1640 1012 patuerit,
1653 945 1802 998 autsaltens

129 1036 147 1089 si
161 1035 228 1088 vidua
246 1045 363 1104 stuprum
391 1031 570 1084 volontarium
594 1025 735 1100 patiatur?
756 1029 793 1080 ita
812 1043 876 1081 saue
894 1043 927 1078 ex
981 1031 1010 1082 in
1027 1031 1133 1084 occultu
1153 1027 1239 1082 facilis
1258 1025 1340 1080 luerit
1352 1041 1484 1090 accessus,
1508 1023 1577 1078 fides
1590 1027 1676 1079 eidem
1689 1045 1742 1082 uon
1754 1030 1802 1082 laa-

127 1121 165 1174 vita
181 1131 308 1188 praesente
326 1117 407 1170 etiam
426 1125 544 1170 anteacta
555 1114 701 1183 colligitur,
715 1113 764 1163 buc
782 1121 831 1176 est,
845 1110 926 1163 ctiam
981 1115 1067 1166 betur.
1087 1115 1138 1166 Du.
1158 1114 1245 1166 Struv.
1264 1111 1291 1163 d.
1317 1111 1336 1162 t.
1350 1127 1409 1162 aum
1430 1109 1490 1162 tatis
1515 1119 1606 1164 venter
1624 1109 1706 1166 luerit
1723 1115 1800 1168 iucu-

126 1209 211 1262 vireute
228 1204 324 1258 marito
335 1204 493 1258 adulterium
505 1201 672 1254 commisisse
686 1197 878 1267 praesumitur,
891 1210 927 1247 ex
980 1197 1093 1250 studitus
1112 1207 1139 1250 22
1164 1194 1335 1248 latitudinem
1354 1193 1499 1263 peccandi,
1517 1204 1546 1248 ut
1564 1195 1610 1247 dd.
1629 1197 1798 1266 loquuntur,

127 1291 229 1346 doctrina
251 1289 346 1342 statari
365 1289 394 1342 s'u
414 1301 446 1342 tr.
461 1289 592 1356 depraes.
609 1303 664 1352 reg.
685 1295 708 1334 2.
719 1292 891 1352 9222222292.
905 1290 929 1332 s.
982 1281 1126 1344 babuerit,
1146 1279 1200 1334 sid.
1219 1278 1288 1332 Gall.
1309 1279 1327 1330 1.
1350 1289 1373 1330 2.
1392 1295 1418 1330 ο.
1438 1289 1480 1329 ct.
1492 1296 1520 1329 n.
1542 1289 1582 1331 22.
1602 1279 1801 1351 2122112292-
1858 1273 1888 1317 ¹⁶

82 1390 91 1432 2
154 1374 216 1426 11122
233 1375 317 1442 legem
335 1373 486 1443 privantem
506 1386 615 1424 uxorem
635 1368 695 1420 dcte
715 1365 933 1436 proptcrsdulte·
981 1360 1487 1431 22282121212211221,9211122222
1513 1369 1801 1432 nocturnamquecon-

127 1462 182 1514 21222
198 1459 277 1512 221222
296 1458 329 1510 21
349 1459 469 1521 viduam,
488 1473 553 1525 quse
573 1467 694 1524 stuprum
715 1449 864 1512 commisit,
883 1466 930 1500 ex·
983 1449 1160 1503 versationem
1180 1467 1239 1501 cuna
1258 1445 1804 1519 122221221212222222,92222222229222·

126 1541 212 1606 tendit,
226 1543 293 1611 ‘titud
312 1553 398 1595 tamen
413 1542 534 1594 Menoeis.
549 1541 566 1592 l.
581 1552 605 1590 2.
618 1552 706 1606 praes.
723 1547 763 1588 22.
783 1555 811 1588 n.
826 1545 867 1586 tt.
878 1551 931 1587 non
982 1547 1138 1599 sumantur,
1158 1552 1210 1586 non
1231 1543 1336 1597 tamen,
1355 1533 1377 1583 21
1392 1530 1507 1584 foemina
1521 1548 1602 1584 uuum
1616 1547 1648 1583 ex
1662 1531 1705 1583 bis
1716 1534 1804 1585 nomi·

126 1623 751 1698 912221,921292222229212,2292121222122122
764 1629 932 1693 praesumpto
983 1617 1099 1680 usserit,
1119 1635 1181 1670 mox
1201 1617 1246 1668 ille
1265 1631 1315 1686 pro
1334 1613 1458 1666 sitiature
1477 1612 1611 1666 habendus
1630 1613 1804 1668 222112212-

81 1714 89 1754 1
124 1711 308 1775 condemnetur,
329 1731 383 1764 unu
401 1709 555 1774 intuetur.
575 1725 598 1764 2.
608 1707 691 1777 ffisle
705 1725 788 1776 puers.
802 1707 875 1776 Quid
888 1724 930 1760 22-
981 1701 1159 1770 cieut,quae
1187 1701 1285 1757 habeut
1308 1699 1441 1754 1212222221.
1460 1699 1517 1751 vol.
1539 1709 1562 1749 2.
1580 1700 1668 1753 cunci.
1690 1711 1749 1750 222.
1774 1717 1802 1753 n.

123 1815 146 1850 ro
166 1797 333 1866 judicandum
363 1796 396 1849 de
423 1799 542 1864 uirgine,
568 1814 618 1864 qua
637 1809 697 1845 cum
717 1793 817 1863 passius
836 1791 931 1844 dedic
984 1798 1025 1838 lt.
1044 1795 1070 1838 22
1089 1799 1132 1838 22.
1150 1786 1195 1838 ubi
1217 1788 1303 1840 cuncl.
1324 1796 1383 1838 222.
1402 1800 1473 1854 2299.
1493 1784 1597 1855 prolixe
1614 1784 1676 1853 agit,
1693 1801 1804 1854 quomo-

121 1890 275 1950 atquenucte
297 1882 435 1934 scholares
453 1877 663 1934 conversantur?
681 1879 794 1930 Snueex
815 1876 859 1928 tali
879 1894 930 1929 an·
981 1871 1014 1924 do
1033 1867 1127 1924 filiatio
1148 1872 1286 1943 probetur.
1306 1869 1366 1924 add.
1382 1869 1491 1924 Fulvius
1510 1869 1605 1922 Psciau
1634 1869 1760 1938 densat.
1784 1871 1803 1921 t.

119 1974 194 2018 222222
212 1965 266 2017 citu
286 1963 393 2016 Baldus
412 1963 441 2016 in
455 1965 574 2035 lneque
588 1961 696 2016 natales
710 1974 791 2012 tu.n.
813 1970 836 2012 t.
854 1979 878 2014 2.
897 1959 930 2014 de
984 1967 1008 2008 2.
1026 1974 1049 2008 2.
1069 1969 1093 2010 c.
1113 1956 1185 2009 Gaii.
1205 1957 1229 2009 d.
1248 1958 1266 2010 l.
1288 1957 1359 2010 Hinc
1378 1966 1406 2009 et
1423 1973 1439 2009 2
1455 1954 1592 2009 contrario
1604 1953 1695 2007 facilis
1708 1967 1748 2008 est
1762 1973 1804 2010 re-

121 2050 187 2120 9221.
204 2050 322 2118 aliquam
345 2049 512 2102 meretricem
532 2065 589 2102 esse
608 2046 798 2118 praesumit,s
813 2063 931 2098 commu·
979 2040 1100 2110 sponsio,
1119 2059 1152 2092 au
1172 2042 1261 2108 virgo,
1274 2043 1349 2108 earjus
1361 2040 1423 2093 uita
1435 2049 1565 2094 anteacto
1578 2040 1650 2093 nihil
1664 2039 1726 2092 mali
1741 2059 1803 2111 prae

122 2131 180 2184 niter
196 2131 398 2193 recidentibus,
417 2132 523 2184 etiamsi
545 2141 627 2184 222222
641 2131 680 2183 221
700 2129 748 2181 2111
766 2141 836 2183 22222
854 2147 930 2182 veue-
982 2123 1108 2185 22111111·
1130 2123 1153 2175 21
1174 2123 1243 2176 10212
1263 2141 1351 2177 amore
1369 2133 1446 2193 22912
1466 2123 1544 2176 2112221
1564 2125 1804 2194 209112222290212

119 2219 150 2270 221
167 2234 213 2268 222
239 2215 404 2286 probentur:
430 2213 535 2282 quando
563 2215 637 2265 euim
664 2211 792 2264 scholaris
816 2213 931 2282 loquitur
981 2204 1021 2257 2221
1041 2204 1150 2270 iecerit,
1169 2223 1250 2276 seque
1268 2208 1386 2278 stuprari
1405 2225 1480 2277 92222
1502 2206 1595 2273 luerit,
1615 2224 1664 2278 pro
1684 2209 1805 2262 meretri-

120 2317 169 2352 cum
186 2303 286 2371 puella,
310 2317 362 2352 uon
382 2299 562 2368 praesumitur
580 2297 669 2351 dicere
684 2309 758 2368 pater
777 2309 874 2360 noster,
888 2315 928 2350 se·
980 2307 1031 2354 22,
1050 2301 1078 2343 et
1097 2309 1144 2362 per
1163 2309 1333 2361 consequens
1353 2309 1403 2362 pro
1428 2291 1522 2346 iniasui
1543 2293 1663 2344 habenda
1680 2291 1736 2346 siti
1755 2293 1806 2348 Pro

120 2387 221 2440 eundum
240 2386 317 2438 Bald.
336 2384 362 2436 21.
380 2385 397 2436 l.
417 2382 507 2436 couler
520 2383 686 2436 Kornmaon.
701 2394 734 2434 tr.
747 2383 779 2434 212
791 2383 930 2450 uirginitu·
982 2375 1096 2442 negativa
1116 2384 1234 2446 puguant
1253 2374 1378 2446 Carpsov.
1395 2393 1424 2445 p.
1446 2387 1469 2428 2.
1487 2393 1510 2429 2.
1532 2388 1557 2432 c.
1576 2377 1602 2429 21.
1626 2384 1664 2428 tt.
1684 2395 1758 2429 2222.
1780 2391 1807 2432 a·

123 2481 144 2524 22
164 2491 184 2524 2.
204 2484 243 2527 22.
263 2471 297 2524 Et
315 2468 386 2522 idem
407 2467 436 2519 iu
455 2468 472 2518 l.
495 2480 516 2519 t.
534 2485 557 2520 2.
576 2468 736 2539 2121212921
753 2484 844 2522 necrus.
872 2488 927 2521 non
980 2477 1053 2531 2299.
1071 2459 1183 2512 addatur
1202 2460 1293 2514 flattu.
1311 2461 1344 2513 ad
1365 2458 1495 2516 Weseub.
1514 2469 1533 2510 2.
1551 2457 1584 2512 212
1600 2461 1720 2530 sponsal.
1738 2479 1766 2512 n.
1781 2473 1805 2516 2.

117 2571 177 2624 poss·
194 2575 220 2608 n.
242 2565 285 2608 22.
305 2553 606 2622 211922222222222212222
620 2570 677 2606 2222
696 2553 732 2605 122
753 2553 931 2624 probat,quia
982 2541 1086 2610 sucus:
1104 2543 1193 2596 1112122·
1213 2564 1238 2614 9.
1259 2554 1302 2596 21·
1322 2561 1349 2596 n·
1373 2555 1413 2597 22.
1433 2554 1460 2596 22
1478 2560 1505 2612 9-
1527 2553 1584 2596 lli·
1605 2561 1633 2594 12·
1654 2543 1805 2596 221112220-

119 2649 187 2692 testes
204 2640 331 2692 viderunt
342 2655 422 2706 saepe
436 2637 470 2689 tle
483 2647 560 2690 noete
573 2636 739 2690 intrantibus
752 2655 809 2689 caru
824 2639 930 2705 januam
984 2627 1027 2680 211·
1046 2627 1080 2680 de
1097 2647 1124 2680 ⁰·
1144 2647 1168 2696 9·
1187 2645 1244 2682 292.
1265 2639 1326 2680 312·
1346 2645 1373 2679 22-
1388 2625 1806 2698 2·2299.222222212122211ω12-

120 2723 216 2792 sperire.
235 2724 305 2776 Nam
326 2723 415 2792 iuquit
438 2740 533 2792 92222,
553 2724 624 2774 12222
642 2741 656 2774 2
676 2722 936 2775 communiter-acci.
982 2710 1073 2766 linitio
1091 2714 1165 2765 nullo
1180 2713 1258 2766 mado
1271 2711 1357 2766 eidem
1371 2714 1510 2782 competit.
1525 2711 1656 2765 Meretrix
1670 2711 1806 2777 enimest,

118 2805 228 2862 dentibus
249 2819 296 2862 est
320 2809 432 2861 multum
461 2807 608 2877 probabitis
632 2807 661 2858 in
684 2807 793 2859 materia
815 2805 931 2860 testium.
983 2795 1344 2866 (12222221102222221112121121
1365 2804 1454 2868 92221,
1474 2811 1600 2864 percon·
1622 2807 1663 2850 22.
1680 2795 1743 2850 21122.
1763 2806 1806 2848 22.

983 2881 1016 2935 Et
1033 2881 1065 2934 ad
1085 2879 1230 2934 minimum
1252 2879 1331 2933 debet
1351 2891 1402 2934 tres
1422 2879 1637 2950 silanisisse,qua
1656 2879 1690 2932 de
1708 2896 1737 2932 re
1751 2879 1805 2932 vid.

117 2976 159 3028 1122
175 2993 247 3047 92222
265 2978 307 3030 212
324 2979 357 3030 als
376 2975 541 3029 atlolesueute
561 2989 651 3024 massus
666 2971 719 3024 sibi
733 2970 768 3022 221
783 2982 873 3041 pectus
886 2989 932 3040 up·
988 2967 1108 3021 Furinae.
1125 2976 1229 3036 92222222.
1251 2978 1307 3019 tte.
1327 2984 1354 3018 n.
1376 2976 1418 3016 22.
1443 2981 1492 3017 nee
1516 2963 1593 3018 ullibi
1613 2965 1641 3017 iu
1660 2965 1719 3032 jure
1735 2963 1806 3017 inta-

116 3061 184 3130 poni:
206 3059 434 3131 quemadmodum
454 3059 533 3110 etium
545 3095 554 3122 ,
579 3058 601 3108 si
624 3057 682 3125 ipsa
703 3055 737 3108 ad
756 3054 848 3108 domos
866 3056 932 3108 alie·
985 3051 1053 3104 miae
1078 3052 1178 3104 mactata
1204 3060 1341 3114 notantur,
1364 3049 1475 3119 ideoque
1493 3064 1553 3102 cuna
1571 3048 1662 3102 odiosa
1681 3047 1737 3100 sint
1753 3064 1807 3102 res·

117 3161 155 3200 222
171 3147 301 3202 resiliret:
325 3143 378 3196 hou
396 3142 469 3196 euim
490 3160 543 3194 raon
568 3157 727 3194 consuevere
744 3140 869 3192 mulieres
887 3139 934 3194 ho·
984 3135 1426 3206 221292212,ρ222.οι12“2.12211.
1445 3135 1474 3188 in
1489 3148 1512 3186 2.
1525 3134 1616 3187 merito
1634 3133 1730 3204 absque
1747 3136 1803 3206 lege

121 3241 207 3284 oestae.
224 3225 786 3293 12222221.2122221.221.’2.22221.222.
805 3224 933 3294 Farina.
983 3224 1056 3292 loqui
1075 3222 1269 3275 erubescimus.
1289 3241 1317 3275 n.
1341 3233 1421 3274 22.2.
1442 3218 1804 3290 211122222122122922·
1862 3222 1891 3265 ¹⁸

123 3322 171 3365 222.
188 3331 214 3366 n.
233 3324 278 3366 22.
305 3313 507 3383 2299221211222
530 3320 616 3363 tasueu
636 3309 713 3362 2212
737 3308 840 3376 sirgiue
858 3309 934 3363 etde
985 3306 1067 3360 reinna
1092 3302 1240 3359 inofficiosi
1266 3305 1418 3358 testamenti
1442 3304 1530 3368 babet,
1550 3304 1574 3357 si
1596 3304 1654 3358 talia
1681 3303 1712 3356 iu
1729 3314 1809 3358 testa·

117 3397 215 3450 scholari
241 3399 356 3450 meliora
381 3411 566 3466 praesumere,
587 3393 723 3457 maxime,
745 3391 769 3444 si
790 3403 874 3447 tactus
891 3407 936 3449 aut
985 3401 1076 3444 mento
1095 3389 1183 3442 iratris
1201 3391 1237 3444 sit
1253 3389 1344 3442 haeres
1363 3389 1498 3442 institute.
1517 3389 1678 3458 flssprecht.
1699 3390 1768 3452 2212.
1786 3401 1808 3443 2.

117 3481 156 3532 2111
172 3495 237 3536 actus
256 3481 368 3536 reuersi
386 3497 439 3533 uon
458 3479 613 3550 probentur.
626 3477 673 3531 ltla
692 3477 765 3530 euim
776 3515 785 3542 ,
803 3495 870 3549 quae
882 3477 935 3533 lor·
986 3478 1004 3528 1.
1023 3476 1057 3530 da
1074 3473 1183 3547 inuffio.
1203 3484 1263 3530 2222.
1281 3493 1309 3527 n.
1332 3485 1373 3530 ts·
1391 3491 1458 3544 quas
1476 3483 1564 3526 tamen
1585 3473 1717 3526 sententis
1735 3475 1809 3528 visle-

116 3575 138 3617 te
151 3585 198 3620 ouo
215 3567 312 3636 a!iquo
328 3581 389 3618 casu
409 3563 528 3618 renidere
547 3573 668 3632 possunt,
687 3580 741 3614 uon
755 3572 818 3616 sunt
832 3579 893 3617 mox
906 3573 936 3617 ut
987 3573 1030 3616 tor
1047 3562 1137 3614 dubia.
1156 3561 1208 3617 Sed
1228 3563 1251 3614 ai
1269 3561 1330 3632 quis
1349 3577 1473 3632 sponsam
1487 3559 1594 3624 babeat,
1606 3577 1714 3632 eamque
1727 3562 1810 3616 variis
1865 3579 1898 3633 22Ι

118 3654 280 3704 mumoniae
302 3649 446 3703 accidentis
465 3647 672 3719 praesumenda,
692 3663 753 3699 uum
779 3647 812 3700 ds
840 3647 934 3700 talibus
986 3645 1142 3698 muneribus
1160 3643 1280 3698 affectam
1308 3653 1394 3696 morte
1421 3641 1534 3697 tortasse
1558 3653 1601 3697 aut
1618 3645 1672 3698 alio
1691 3644 1808 3716 impedi·

117 3735 164 3801 jura
180 3754 230 3789 uon
250 3735 467 3794 constituantur,
486 3733 560 3800 juxta
572 3732 590 3782 l.
607 3743 632 3782 2.
637 3727 679 3798 ff
693 3729 728 3782 212
742 3730 770 3782 ll.
784 3729 818 3781 Et
835 3741 936 3801 tempu·
985 3739 1075 3782 mento
1093 3729 1291 3781 interveniente
1305 3765 1313 3789 ,
1332 3728 1362 3781 iu
1375 3745 1486 3782 uxorem
1502 3745 1554 3781 nou
1568 3729 1695 3800 accipiat,
1706 3747 1740 3781 su
1752 3747 1765 3779 a
1779 3747 1808 3782 se

118 3831 140 3868 ra
156 3817 224 3870 Baldi
250 3817 289 3870 aul
316 3815 461 3868 hodiernos
487 3830 572 3866 mores
597 3813 733 3883 applicare
754 3811 864 3866 fortasse
883 3829 935 3866 uon
987 3813 1082 3864 donata
1102 3829 1223 3864 resonare
1242 3812 1343 3881 possit,
1361 3809 1627 3882 quaerituriltidem
1640 3811 1811 3866 1121221212-

118 3899 204 3955 licebit.
223 3901 348 3954 12122212
368 3898 450 3950 dubio
469 3913 574 3966 semper
592 3896 779 3966 praesumptio
798 3895 827 3948 iu
842 3897 935 3948 melio·
985 3911 1046 3946 nem
1064 3911 1098 3946 ex
1115 3893 1178 3946 vito
1197 3904 1328 3948 22222222
1347 3894 1474 3964 petimus.
1488 3894 1566 3965 Quod
1585 3897 1608 3948 si
1629 3896 1701 3948 enim
1721 3897 1755 3950 ita
1769 3895 1807 3948 12·

120 3999 292 4054 ramponem
313 3979 447 4046 iacienda,
475 3981 572 4033 1112122.
591 3979 623 4032 212
645 3989 814 4049 9222222292.
835 3997 891 4051 reg·
910 3993 934 4034 2.
986 3978 1127 4032 miliariter
1148 3979 1220 4046 ipsos
1239 3979 1341 4032 vixisse
1359 3989 1473 4045 constet,
1492 3989 1522 4032 ut
1539 3989 1568 4032 et
1584 3982 1705 4034 osculum
1724 3983 1809 4036 inter·

118 4079 271 4136 mmmm,
299 4078 322 4118 t.
340 4065 373 4118 Ει
390 4083 441 4134 qno
461 4063 629 4118 fauorsbiliur
655 4073 696 4116 est
714 4063 883 4132 uirginitas,
904 4081 935 4118 eo
985 4061 1102 4123 venerit,
1122 4078 1237 4131 sponsos
1254 4060 1398 4116 dimidiam
1419 4063 1808 4130 donatiouemsmittit,sive·

119 4150 189 4218 uagis
208 4149 379 4223 probabilior
392 4183 400 4212 ,
413 4157 441 4200 22
457 4146 630 4212 credibilior,
649 4164 708 4199 oum
725 4147 839 4216 quilibet
862 4163 936 4216 prse-
985 4163 1016 4200 ro
1032 4149 1156 4200 osculum
1174 4163 1229 4200 nou
1248 4147 1413 4214 interseruit,
1435 4157 1517 4200 totam
1535 4149 1652 4218 recipit,
1667 4167 1717 4218 per
1727 4152 1745 4204 l.
1766 4165 1808 4206 tc.

119 4246 224 4289 sumator
245 4237 347 4299 12222222,
366 4231 450 4288 donec
468 4234 594 4304 probetur
619 4234 721 4296 malus,
739 4233 826 4286 Feliu
846 4231 885 4286 ad
909 4251 934 4286 2.
985 4229 1142 4284 22122122.
1163 4241 1228 4286 unte
1251 4241 1321 4300 ¹upt.
1341 4231 1394 4286 Sed
1413 4231 1435 4283 si
1450 4231 1806 4302 spoussdonatiuuistitulu
1861 4261 1894 4307 2,

119 4313 215 4374 1221222.
232 4333 273 4373 22.
287 4337 319 4372 x.
339 4320 373 4374 de
388 4329 553 4387 9222222292.
570 4337 597 4372 n.
618 4331 659 4372 tt.
678 4317 747 4374 conl.
767 4317 934 4372 Koramann.
985 4316 1049 4384 quid
1067 4315 1163 4383 largita
1183 4314 1264 4368 luerit
1289 4333 1402 4386 sponso,
1421 4314 1491 4384 quod
1510 4325 1597 4368 2222222
1617 4333 1678 4369 raro
1696 4315 1808 4384 accidit,

120 4403 141 4454 1.
157 4405 174 4454 1.
190 4423 211 4457 e.
232 4417 256 4456 2.
278 4405 340 4456 lmu
359 4413 386 4457 at
405 4403 462 4472 ipse
480 4405 612 4458 ldascard.
630 4403 934 4467 212122222222112,
986 4410 1013 4451 ut
1031 4399 1184 4469 suspicatus
1202 4399 1259 4452 211.
1278 4411 1318 4450 22.
1343 4416 1395 4453 nuo
1413 4408 1512 4452 attento
1528 4401 1620 4452 osculo
1637 4400 1741 4469 integra
1758 4398 1807 4452 ‹lo-

119 4499 145 4536 es
161 4488 288 4554 ejusmodi
307 4484 369 4538 vite
395 4495 526 4540 22222222
544 4487 639 4540 saltem
658 4485 856 4536 inhonestatem
878 4492 933 4536 tur·
986 4484 1058 4536 natio
1077 4480 1241 4550 infirmatur,
1259 4483 1284 4536 si
1302 4484 1358 4538 scil
1373 4481 1573 4538 matrimonium
1586 4499 1639 4536 uuo
1651 4480 1734 4536 luerit
1745 4483 1806 4536 sub·

121 4568 156 4636 pis
171 4569 296 4623 libidinis
316 4565 428 4632 inferri,
455 4586 507 4622 nnn
531 4578 620 4622 autem
645 4569 765 4638 aspolam
784 4567 933 4632 casualem,
985 4578 1115 4622 secatum.

122 4661 169 4701 uam
186 4655 218 4704 ad
238 4653 308 4705 haue
327 4651 520 4705 concludentur
544 4651 707 4723 probandam
726 4651 777 4704 alis
797 4652 934 4722 requiran·
1020 4654 1090 4706 luter
1108 4653 1173 4706 alias
1191 4671 1365 4725 personarum
1391 4651 1538 4706 divisiones
1563 4651 1644 4706 etiam
1664 4652 1730 4706 baec
1747 4662 1804 4717 est,
1860 4659 1891 4706 22

121 4737 392 4790 annuntiavero
411 4753 464 4788 uun
487 4747 541 4800 est,
559 4755 626 4808 quaa
652 4753 704 4791 uuo
723 4738 806 4789 etiam
825 4737 930 4807 copiam
982 4735 1052 4804 quod
1071 4737 1112 4790 221
1129 4737 1183 4791 siut
1202 4737 1290 4802 circs,
1323 4739 1362 4790 nt
1392 4737 1534 4808 peregrini.
1561 4737 1592 4791 lu
1617 4737 1716 4792 cisium
1745 4755 1807 4792 reru

121 4821 288 4890 corporissoi
310 4816 551 4890 211121221211292
574 4838 624 4890 pru
647 4819 814 4888 uirginitate,
843 4829 934 4888 utpote
986 4837 1125 4875 ursmarum
1145 4837 1224 4874 uerno
1241 4820 1462 4892 recipitus,uisi
1482 4820 1591 4890 decajus
1605 4821 1660 4875 2122
1674 4831 1805 4876 anteacta

121 4905 233 4972 qualit-te
243 4945 253 4972 ,
273 4921 342 4974 quae
355 4904 424 4956 inest
436 4924 451 4956 a
465 4916 571 4970 ustura,
586 4905 687 4960 tamdiu
701 4904 933 4974 praesumentium,
985 4905 1056 4958 iuter
1073 4904 1125 4956 2112
1142 4903 1209 4958 22212
1226 4915 1336 4960 cunstat
1357 4905 1470 4974 ldeoque
1488 4915 1515 4960 et
1533 4907 1628 4959 literae
1647 4905 1806 4970 natalitiae,

123 4985 193 5043 212222
209 4988 375 5044 contrarium
394 4987 539 5057 probetur,
557 4987 629 5042 coni.
641 4989 715 5042 idem
726 4987 951 5040 blascard.ccn·'
989 4987 1255 5056 &chartis-Beieffe
1273 5007 1327 5043 nou
1346 4991 1429 5044 sulum
1448 4989 1482 5044 12
1505 4991 1638 5060 legitimis
1662 4991 1805 5056 natalibus,

122 5071 148 5122 21.
167 5084 238 5128 2222.
259 5073 367 5128 Parian-
386 5071 538 5140 2129221222.
556 5072 576 5124 l.
590 5083 614 5122 2.
627 5089 650 5126 2.
668 5085 709 5126 22.
729 5091 759 5125 n.
779 5081 820 5124 22.
832 5079 860 5124 22
878 5071 932 5141 912·
984 5075 1058 5128 sedet
1087 5073 1121 5126 de
1150 5073 1211 5128 oua
1237 5083 1365 5128 anteacta
1389 5086 1468 5145 atque
1501 5077 1621 5129 moribus
1646 5075 1736 5129 testari
1757 5075 1806 5128 de·

126 5156 176 5210 uios
192 5177 215 5212 e.
235 5169 278 5213 22.
298 5177 328 5210 n.
343 5167 365 5210 2.
376 5172 448 5226 2299.
460 5157 506 5210 ubi
532 5173 560 5210 n.
579 5155 931 5229 222299222122129121-
980 5155 1150 5210 1222211122
1176 5165 1311 5226 receptum
1336 5165 1400 5221 est,
1424 5167 1455 5211 ut
1479 5156 1627 5228 recipiendi
1660 5157 1689 5210 iu
1720 5158 1802 5210 colle·
1858 5179 1894 5232 ηΙ

132 5240 272 5312 tutissigoa
291 5241 380 5294 habet.
982 5240 1056 5309 giam
1087 5239 1274 5294 documentum
1301 5239 1396 5295 2112222
1422 5257 1559 5294 necessum
1587 5241 1717 5307 habeant,
1740 5259 1806 5312 quo·

70 5319 92 5394 11
158 5323 232 5378 Porro
250 5325 321 5380 eires
347 5322 511 5393 agnitionem
530 5317 583 5374 filii
602 5321 775 5391 gravissimae
794 5340 871 5394 saepe
888 5339 932 5376 oc-
983 5323 1060 5376 modo
1078 5324 1187 5378 antebac
1207 5339 1234 5377 se
1250 5325 1391 5392 gesserint.
1411 5324 1466 5378 vid.
1486 5325 1575 5380 Strcv.
1595 5344 1640 5381 222.
1659 5327 1753 5380 actis.
1778 5337 1800 5376 2.

128 5417 223 5462 mucul
239 5410 439 5465 controversiae.
459 5407 534 5480 Quod
553 5411 577 5462 ai
596 5410 729 5481 erguqois
742 5425 804 5464 cum
817 5410 930 5479 quadam
981 5406 1042 5477 insi
1055 5408 1100 5461 ubi
1119 5408 1198 5462 etiam
1216 5419 1317 5460 caetera
1338 5405 1482 5478 requisita,
1501 5426 1567 5477 quae
1586 5407 1804 5476 eircareeeptio-

127 5489 202 5560 111222
219 5495 311 5548 saltem
331 5505 450 5564 tempure
468 5511 524 5548 rem
542 5494 667 5549 habuisse
680 5491 796 5548 inficiari
811 5511 863 5548 nou
876 5512 932 5564 pos·
983 5509 1045 5546 uem
1063 5493 1130 5546 uisis
1147 5492 1285 5548 obsessuri
1303 5493 1403 5558 solent,
1421 5492 1539 5547 exbibet.
1557 5491 1668 5546 addatur
1686 5493 1755 5544 ttev.
1775 5489 1803 5542 s'u

129 5571 171 5634 111.
188 5576 215 5630 ἰι
232 5577 390 5648 assiguando
410 5573 931 5650 9222212ῑὶ222211221122222112122122-
982 5577 1655 5647 2222.2ι19’2212122.1.2.12222122.222299.
1679 5573 1799 5644 Quodsi
1855 5587 1887 5636 22

131 5653 243 5732 lebiton
271 5662 399 5718 icemiuae
423 5661 494 5716 euim
519 5661 637 5718 intentio
662 5661 691 5716 iu
717 5661 933 5734 praesumptione
982 5678 1045 5733 ergo
1062 5658 1174 5732 29111222
1191 5661 1256 5717 adeo
1274 5677 1384 5734 operose
1404 5661 1432 5714 iu
1450 5661 1540 5716 vitam
1554 5667 1710 5716 2222222222
1723 5657 1799 5729 prius
