4404 6242
293 319 346 374 7⁰9

239 399 329 455 'Arsin
340 398 549 456 eamberimin.
560 397 706 452 illiteratus
718 394 845 465 jottoore
857 409 938 468 queat
950 407 962 448 .'
975 417 1002 450 n.
1019 411 1059 449 ts.

238 485 273 543 d'i
280 503 507 548 perassessnrum
520 484 684 554 imperitiam
702 482 774 536 male
785 483 941 554 judicatum
949 481 1059 552 suerit,

273 572 333 640 ᾳιιίι
345 569 551 624 convenientus
562 568 597 620 sit
606 568 621 620 i
630 586 658 619 n.
673 577 716 619 to.

237 657 287 710 At
297 656 586 726 priunum-teneatur,
598 650 647 723 qui
659 666 709 722 per
725 647 893 720 imperitiam
906 649 978 704 maie
991 649 1061 718 juti-

276 738 374 792 eeuir?
386 758 415 791 n.
431 750 474 790 ιι.
489 789 495 796 ,,

238 827 287 874 An
298 822 445 875 tnnemrus
456 820 609 887 ersepossit
625 818 781 872 advocatus.
795 834 823 869 n.
839 826 880 869 tt.

239 908 334 960 stores
347 907 435 960 seeutt
444 915 583 959 notantur.
597 923 624 956 n·
640 914 682 955 ts.

240 993 391 1047 liniendus
404 1010 423 1045 o
439 991 516 1043 Valle
529 998 651 1044 tueatur.
664 1004 691 1038 n.
704 993 749 1036 ot.

237 1076 288 1128 An
302 1075 330 1128 in
342 1083 521 1142 procuratore
535 1070 649 1126 eruditio
662 1070 697 1123 sit
708 1068 884 1123 necessario?
897 1087 924 1122 n.
939 1080 981 1123 ss.

246 1155 341 1210 Totins
354 1155 548 1226 disputationis
557 1151 706 1208 conclusio.
719 1169 747 1206 n.
762 1163 806 1206 ti.

241 1251 399 1379 stntum
418 1323 519 1392 ingenii
537 1321 608 1376 vires
627 1318 698 1372 ferre
721 1318 880 1380 voluerunt,
901 1317 1059 1388 anulphabe·

237 1419 326 1464 torum
344 1412 402 1478 jura
421 1405 587 1477 perlustravi.
606 1401 810 1459 subsistendum
831 1402 880 1454 hac
895 1402 952 1454 rice
970 1414 1056 1468 esset,

235 1493 292 1548 oin
310 1495 471 1564 promissam
489 1531 496 1554 ‚
517 1491 544 1542 in
563 1507 619 1557 cap.
639 1485 723 1558 primi
746 1502 856 1538 numero
876 1495 918 1537 to.
937 1484 1056 1552 laetum,

235 1577 348 1630 miiaiin
361 1587 450 1630 mente
470 1583 627 1628 versaretur.
644 1564 739 1622 Fidem
755 1567 837 1636 igitur
849 1568 931 1621 dictis
951 1578 977 1620 et
996 1587 1055 1636 pro-

237 1661 345 1722 missis,
364 1669 394 1712 ut
412 1661 523 1722 addam,
544 1657 745 1716 illiteratorum,
765 1651 904 1706 idiotarum
918 1661 943 1704 et
956 1653 1053 1719 jurium

237 1741 421 1812 imperitorum
440 1743 508 1812 iuris
525 1738 676 1793 euotutont
696 1752 819 1808 praesens
847 1736 896 1789 lano
920 1747 997 1806 caput
1015 1736 1055 1786 di·

235 1834 321 1880 calnm
343 1826 423 1887 solo,
451 1825 577 1884 risuros,
603 1819 734 1890 quomodo
751 1819 871 1871 illiterati
891 1819 919 1870 in
937 1821 996 1884 iure
1013 1819 1054 1871 di-

233 1925 312 1979 gnnm
332 1918 485 1962 mereantur
502 1905 750 1961 considerationem.
776 1901 852 1955 Circa
870 1920 961 1956 socom
981 1903 1051 1954 dilu·

235 1995 322 2046 eidam
341 1993 554 2054 discussionem,
581 1998 610 2040 ut
635 2003 677 2040 me
703 1985 856 2047 detineam,
884 2000 932 2036 nec
948 1983 1054 2039 animos

234 2087 291 2140 est,
309 2094 358 2129 nec
375 2087 477 2144 tempus
496 2073 644 2145 permittit,
664 2087 722 2124 cum
742 2067 908 2138 philosophis
927 2085 955 2120 eu
973 2069 1052 2124 relin-

232 2158 337 2228 quenda
355 2156 485 2216 veniant,
512 2170 612 2223 nosque
641 2153 692 2218 jum
712 2161 767 2203 tum
786 2166 814 2201 ea
833 2149 861 2200 iu
880 2149 952 2202 dicto
969 2152 1051 2220 cupite

236 2257 259 2298 t.
278 2243 388 2296 enodata
407 2257 560 2300 caroenum
581 2236 721 2304 adjicimus
740 2244 841 2298 tamen,
862 2233 944 2284 trium
958 2234 1049 2286 horum

232 2328 416 2384 vocabulorum
437 2320 663 2392 significationem
688 2319 717 2370 iu
744 2316 822 2383 hujus
847 2317 941 2385 capitis
959 2327 1050 2370 tracta·

234 2413 306 2466 tione
323 2427 371 2482 pro
391 2407 558 2479 synonyimis
575 2425 589 2458 a
609 2401 688 2456 nobis
704 2399 839 2470 reputaris
857 2397 971 2468 ideoque
991 2399 1046 2450 ion·

228 2497 326 2552 >lilibus
342 2491 560 2548 altercationibus
580 2489 687 2548 missis,
706 2485 737 2536 ad
759 2486 844 2554 ipsam
866 2500 921 2536 reto
943 2500 992 2536 nos
1008 2501 1049 2536 ac·

229 2584 390 2649 cingentes,
410 2575 623 2647 praemittimus,
643 2570 712 2622 nihil
730 2570 864 2622 literarum
883 2565 994 2619 scientia
1016 2567 1045 2619 in

229 2667 353 2719 uniuerso
380 2661 479 2716 mundo
504 2659 614 2726 dignius
635 2663 680 2706 aut
705 2651 886 2722 praestantius
911 2650 1047 2719 reperiri,

228 2767 287 2803 cusu
307 2765 336 2802 ea
354 2758 419 2802 totus
437 2743 602 2796 illuminetur
621 2738 750 2801 mundus,
768 2745 795 2788 et
815 2751 861 2804 per
873 2751 917 2788 eas
932 2733 963 2784 ad
982 2734 1045 2788 obe-

156 2873 163 2884 .
227 2833 354 2886 tironum
375 2831 429 2882 Deo
449 2837 476 2881 et
493 2823 658 2892 magistratui
674 2820 827 2875 snortaiium
846 2821 899 2870 sita
920 2817 1046 2872 informe·

226 2928 276 2972 tue.
295 2916 375 2970 Antis.
394 2913 487 2966 liubila
500 2925 525 2960 c.
538 2926 572 2959 ne
581 2905 723 2974 filiuspro
736 2913 822 2970 patre.
843 2903 937 2971 Carpe.
955 2902 983 2955 iu
1000 2903 1045 2972 ju-

224 3001 303 3069 rispr.
316 3000 379 3053 ecel.
392 2999 411 3048 l.
427 3009 447 3048 t.
463 2991 517 3061 def
541 3003 600 3044 ets.
624 3008 652 3042 n.
667 3001 689 3040 t.
708 2989 787 3040 Unde
805 2987 897 3040 doctos
916 2987 949 3038 ab
968 2986 1044 3040 iudo·

225 3087 276 3138 otis
295 3085 372 3154 paulo
392 3081 480 3132 minus
497 3074 624 3138 differre,
641 3090 719 3141 qnam
738 3070 809 3123 sivos
822 3089 836 3121 s
850 3069 975 3131 mortuis,
993 3086 1041 3137 opb

228 3168 294 3222 timo
314 3171 447 3233 insenum
467 3161 512 3214 Fr.
532 3159 643 3214 Senem.
662 3157 679 3206 l.
700 3167 724 3207 s.
737 3154 769 3206 de
787 3151 849 3204 inst.
871 3151 938 3218 reip.
956 3151 996 3204 tir.
1016 3162 1040 3204 ι.

229 3254 380 3306 asserimus.
398 3249 480 3300 Hisce
497 3245 534 3297 ita
553 3239 706 3312 praemissis
717 3237 882 3307 quaerimus,
900 3253 968 3288 anne
986 3237 1041 3288 illi·

151 3369 154 3377 ι
226 3346 326 3392 letatus
342 3333 374 3388 sd
392 3327 513 3385 cilicium
526 3323 730 3379 ecclesiasticum
749 3321 806 3374 site
822 3320 983 3373 sacerdotale
995 3320 1039 3373 ad·

225 3423 300 3476 mitti
320 3414 419 3489 possiti
442 3411 642 3482 Respondemus
662 3407 792 3476 negando.
804 3404 961 3456 Comenim
979 3421 1040 3460 sero

224 3507 299 3562 serbi
319 3502 405 3558 divini
425 3499 550 3550 ministro
569 3493 676 3548 veritum
697 3492 725 3542 in
744 3488 826 3540 saeris
844 3487 1039 3558 scriptorisre

224 3593 352 3650 relatum,
372 3583 541 3638 notissimum
562 3594 619 3630 esse
635 3571 884 3636 tenementum.
908 3582 932 3622 t.
959 3589 987 3624 ιι.
1015 3583 1040 3626 t.

224 3675 321 3730 Horti.
344 3683 424 3722 teu.
440 3677 482 3720 ss.
496 3675 519 3716 ι.
536 3663 604 3715 Tim.
618 3671 676 3713 aa.
695 3667 734 3708 ιι.
752 3669 791 3708 ιι,
810 3667 850 3706 ιι.
873 3655 1038 3708 instrunt

222 3757 312 3814 divini
330 3753 485 3808 ministrum
505 3748 542 3799 ‘tta
560 3754 692 3798 versutum
706 3747 891 3808 esseoporteat
910 3737 939 3788 in
959 3739 1040 3790 sacris

222 3841 325 3905 literis,
345 3849 375 3892 ιιι
392 3837 453 3890 illas
471 3831 501 3884 ad
521 3829 672 3889 autlitores,
698 3823 789 3876 habits
809 3821 911 3874 ratione
929 3822 1041 3873 circnm-

223 3927 402 3986 stamineum,
430 3916 575 3988 prudenter
604 3907 802 3964 accommodare
831 3905 938 3975 possit,
967 3907 1040 3972 epist.

223 4013 313 4068 ouon
326 4023 350 4062 ι.
363 4008 401 4060 ad
417 4007 484 4058 Tim.
500 4011 524 4054 ι.
535 4017 563 4052 ιι.
581 4009 620 4051 ts.
632 3996 688 4046 imo
707 4002 733 4046 et
752 3993 812 4053 ille,
825 3990 870 4058 qui
884 3989 980 4056 dignus
993 3989 1041 4040 lia-

223 4099 283 4154 beri
302 4092 452 4150 ministerio
470 4105 545 4142 sacro
561 4083 647 4144 velit,
674 4081 712 4131 itu
732 4077 760 4130 in
780 4093 854 4128 sacro
872 4073 961 4126 codice
981 4092 1040 4145 pru·

224 4182 336 4244 iecisse,
354 4171 501 4230 necessario
520 4168 687 4237 requiratur,
708 4172 736 4214 ut
753 4177 843 4212 eorum
877 4175 944 4227 miae
957 4158 1055 4223 docet,

222 4267 355 4322 rationem
375 4255 518 4331 postulanti
538 4251 662 4311 reddere,
674 4261 806 4314 seraeque
825 4243 1039 4310 Religionicon·

224 4349 389 4404 indicentes
407 4341 530 4396 refellere
550 4334 645 4404 possit.
664 4330 746 4400 Epist.
768 4327 845 4379 Pauli
862 4327 901 4380 ad
923 4327 963 4378 sit.
981 4336 1001 4377 t.
1020 4345 1042 4379 u.

225 4445 251 4488 s.
264 4433 316 4487 sid.
335 4430 411 4496 Casp.
430 4422 552 4476 Brocltrn.
570 4426 635 4487 syst.
648 4413 730 4466 tlteoi.
749 4423 767 4462 t.
790 4420 811 4462 ι.
831 4408 882 4460 loc.
895 4409 927 4460 de
940 4406 1040 4458 minist.

222 4518 288 4572 ωσι,
300 4535 323 4568 o.
338 4527 362 4568 s.
374 4527 429 4567 eas.
441 4523 531 4561 conse.
547 4513 571 4554 l.
589 4499 634 4554 nbi
653 4497 834 4567 quaestionem
849 4502 955 4544 tractat:
970 4509 1044 4544 anne

224 4604 263 4668 is,
283 4600 330 4671 qni
346 4616 378 4652 eo
395 4591 508 4662 prttficit
528 4589 558 4641 in
577 4583 675 4644 literis,
692 4591 721 4634 ret
732 4577 854 4648 linguam
873 4575 988 4626 iutinom
1003 4585 1043 4626 ut·

225 4704 339 4756 europae
349 4677 486 4740 didicerit,
499 4685 525 4728 el
538 4669 700 4725 concionem
713 4685 728 4718 e
739 4660 848 4730 scriptis
865 4659 962 4712 alienis
975 4660 1043 4712 luan-

225 4785 312 4834 stam,
327 4763 484 4820 memoriter
499 4756 612 4810 recitare
625 4751 716 4814 norit,
738 4745 887 4801 censendus
899 4743 934 4794 sit
946 4743 1045 4798 instru-

223 4869 284 4910 otus
300 4850 382 4906 dorsis
399 4846 437 4900 ad
456 4827 833 4896 ministerium-necessariis?
845 4829 992 4880 nullatenus
1007 4828 1044 4880 ri·

226 4941 288 4994 dere
306 4939 383 4997 licet,
401 4925 531 5000 quotnodo
550 4923 695 4973 illiteratus
713 4914 745 4966 ad
773 4913 821 4964 hoc
851 4911 1044 4983 periculosissi-

225 5041 301 5077 mnm
317 5015 438 5072 otltetum
453 5022 480 5065 et
490 5009 639 5060 animarum
650 5017 739 5054 curam
753 4997 860 5050 utliuitti
873 4997 962 5067 possit·
975 4996 1045 5049 cotti.

227 5103 342 5161 notant
360 5120 375 5152 a
394 5099 472 5150 Valle
488 5112 515 5161 p.
534 5105 556 5144 t.
574 5103 647 5140 cons.
669 5095 693 5134 t.
713 5096 736 5134 t.
751 5102 777 5136 n.
793 5095 833 5134 tc.
847 5093 956 5150 etseqq.
975 5082 1046 5132 iiiuc

227 5199 334 5260 praeter
352 5179 526 5237 canonistas,
543 5171 613 5226 utin
628 5187 691 5222 coa.
705 5168 851 5220 illiteratos
871 5177 893 5216 t.
915 5165 976 5215 dist.
1004 5177 1046 5217 sc.

227 5290 289 5326 ean.
310 5282 332 5320 t·
345 5265 406 5319 dist.
420 5275 462 5315 ot.
475 5279 497 5313 o.
516 5271 539 5310 t.
552 5275 582 5308 ss.
596 5255 627 5306 de
640 5249 771 5304 electione
786 5259 810 5299 et
822 5249 898 5300 electi
913 5258 1007 5312 potest.
1020 5261 1046 5302 et

227 5377 250 5412 c.
264 5357 311 5411 uit.
330 5372 360 5403 re.
376 5350 408 5402 de
426 5358 506 5414 temp.
519 5341 638 5394 ordinat.
658 5337 685 5387 iu
708 5344 759 5386 ttto.
778 5331 860 5384 etium
882 5332 912 5383 ab
932 5332 1045 5401 impera.

228 5455 286 5494 tore
304 5447 392 5492 nostro
409 5431 533 5501 piissimo
549 5421 716 5482 iustiniano,
731 5428 758 5469 nt
771 5428 814 5470 est
828 5417 856 5468 in
871 5434 932 5468 noo.
948 5430 972 5470 s.
985 5436 1007 5468 o.
1025 5429 1046 5470 t.

174 5553 192 5596 4
229 5537 256 5578 4,
274 5533 301 5577 02
319 5524 459 5572 nonant.
478 5529 500 5564 e.
523 5523 545 5562 t.
567 5509 632 5558 item
647 5506 675 5555 in
688 5499 862 5556 ordinatione
874 5509 968 5552 nostra
982 5518 1042 5552 oon-

228 5601 362 5662 siseoriuli
378 5607 465 5652 sancte
484 5593 653 5644 constitutum
675 5587 809 5642 ridemus.
825 5583 938 5637 minime
951 5583 1047 5636 idiotas
1066 5623 1067 5630 ,

232 5703 261 5746 et
278 5688 437 5748 illiteratos,
463 5678 508 5733 sed
533 5676 670 5729 literarum
689 5669 869 5742 peritissimos
887 5667 921 5721 nd
938 5669 1045 5724 boesa·

813 299 861 354 DE
878 302 970 356 JURE
988 299 1279 359 ttttttnttottott
1298 303 1360 362 isso.

1819 323 1872 362 oto

1108 401 1236 454 cerdotale
1253 399 1373 452 osticium
1392 399 1575 456 adunittendos'
1589 401 1655 462 es'se,
1666 397 1737 454 'dum
1752 397 1800 454 snb
1814 402 1854 454 tir.
1868 417 1921 456 core

1110 484 1159 536 der
1175 487 1301 539 occasion
1320 489 1380 540 und
1393 488 1601 556 praesentariam
1620 487 1668 539 der
1686 483 1807 553 Pfurrer
1825 499 1848 538 s.
1868 487 1926 538 illic

1112 569 1226 622 dicitur:
1246 573 1288 624 Zu
1308 571 1385 623 deme
1400 573 1488 624 tollen
1507 572 1576 624 aucis
1590 591 1629 623 ⁴eu
1646 569 1767 622 solelsem
1785 569 1925 639 mielutigen

1111 662 1216 714 ample,
1246 651 1295 704 mie
1323 652 1444 706 bisslsero
1463 653 1630 721 geroienses,
1656 651 1735 704 deine
1758 651 1927 716 Scieneider,

1110 733 1243 788 Seiuster
1259 737 1328 789 oder
1345 737 1447 789 andere
1464 737 1630 792 serdorbeue
1648 735 1849 788 Hondmeroier
1868 736 1928 790 urtd

1108 821 1338 892 Ledig·gaenger,
1351 820 1394 874 die
1407 821 1464 875 ilere
1485 819 1704 875 Grammaticam
1717 822 1790 872 ototu
1801 819 1924 878 studites,

1108 904 1168 956 viel
1184 906 1303 974 corniger
1319 905 1393 958 rerltt
1409 904 1481 958 lesen
1500 905 1627 956 loanneu
1637 942 1645 969 ,
1665 904 1722 956 und
1739 903 1848 969 ulleine,
1867 905 1928 959 toeil

1108 987 1148 1040 sie
1166 987 1238 1042 iitres
1257 988 1370 1059 Berrfis
1388 988 1461 1040 nicht
1478 996 1621 1060 gemortet,
1634 987 1787 1040 oerdorben
1801 989 1858 1040 uud
1870 987 1926 1040 uir-

1106 1073 1181 1142 gend
1197 1073 1298 1128 dianus
1316 1075 1427 1135 nissen,
1447 1073 1520 1126 Nolle
1546 1071 1642 1126 italien
1664 1069 1782 1139 Psnffen
1798 1072 1926 1134 werden,

1106 1167 1233 1224 gestasset
1246 1158 1317 1212 noch
1328 1175 1531 1226 angenontmen
1541 1155 1656 1216 werdere
1664 1155 1783 1207 sondern
1800 1157 1927 1206 Vermoe-

1106 1259 1140 1309 ge
1162 1243 1373 1310 toengedootus
1396 1239 1492 1296 nnsers
1514 1244 1604 1294 Hsrrn
1635 1241 1736 1290 Vatern
1761 1240 1818 1292 und
1841 1253 1926 1292 unser

1107 1325 1241 1386 Mundus,
1255 1327 1297 1379 die
1309 1325 1436 1394 Psorrm
1450 1324 1588 1392 Cupiune,
1602 1322 1793 1376 scttttmetuer
1806 1323 1862 1374 und
1868 1324 1922 1375 Ge·

1106 1407 1190 1459 sellan
1198 1407 1391 1476 forneimiiclt
1410 1424 1460 1463 ans
1478 1425 1561 1461 unser
1588 1405 1769 1462 Universitnel
1786 1426 1818 1459 eu
1837 1407 1925 1458 Fron·

1106 1487 1199 1557 slsum
1216 1511 1251 1546 un
1270 1495 1319 1546 der
1337 1494 1427 1556 Oder,
1446 1491 1513 1545 oder
1531 1490 1567 1542 da
1586 1489 1662 1544 olida
1680 1487 1792 1556 disssals
1809 1489 1925 1556 Mnnpel

1103 1590 1170 1644 seyn
1185 1579 1289 1642 sudreie,
1310 1593 1361 1630 nus
1379 1577 1484 1630 andern
1510 1573 1758 1644 rinverdaeclnigen
1789 1573 1925 1628 Universi·

1104 1667 1211 1724 taetro,
1231 1661 1348 1712 Sciulen
1369 1661 1428 1714 und
1445 1658 1580 1721 Kirelten,
1599 1668 1647 1710 etc.
1667 1658 1780 1712 Literati
1796 1675 1857 1722 erpo
1877 1677 1919 1712 ss·

1103 1744 1232 1806 cerdotes,
1254 1744 1301 1796 hoe
1320 1753 1381 1809 est,
1405 1743 1528 1796 doctrina
1548 1741 1672 1794 instructi
1692 1745 1847 1794 necessariis
1864 1761 1922 1798 esse

1104 1825 1212 1891 debent,
1226 1846 1277 1896 quo
1295 1827 1366 1898 lupis
1384 1827 1521 1898 rapacibus
1538 1824 1661 1879 ecclesius
1679 1825 1866 1880 insedentibus
1879 1845 1920 1880 re·

1103 1910 1199 1962 sistere
1218 1913 1321 1981 possint
1340 1927 1369 1962 tto
1387 1921 1492 1980 queant.

1138 1993 1272 2063 Singulari
1289 1995 1403 2065 adeoque
1418 1994 1539 2049 euoomto
1557 1991 1653 2060 dignos
1670 2009 1760 2046 eornm
1782 2008 1853 2055 mos,
1870 1992 1916 2060 qui

1101 2083 1161 2128 onte
1182 2079 1261 2145 bajus
1286 2076 1371 2133 otlioit
1396 2078 1559 2132 collationem
1582 2077 1610 2128 in
1628 2075 1775 2128 doctrinam
1793 2085 1820 2126 et
1836 2074 1917 2126 vitam

1100 2160 1167 2212 sacri
1187 2162 1330 2214 ministerii
1350 2162 1546 2213 cantiidutormn
1567 2159 1719 2230 inquirunt,
1738 2169 1763 2210 et
1782 2175 1850 2209 anne
1862 2156 1917 2210 sui·

1097 2238 1219 2296 ¹iicientcr
1236 2244 1297 2297 huic
1314 2243 1406 2298 ollitio
1424 2259 1542 2314 proeesse
1554 2239 1673 2312 possint?
1685 2242 1754 2292 scire
1766 2251 1849 2292 ssent·
1865 2243 1916 2292 Ve-

1098 2343 1157 2380 rnm
1178 2328 1222 2380 ubi
1242 2345 1337 2398 quiaeso
1358 2330 1470 2380 locorum
1492 2328 1554 2380 baec
1567 2336 1593 2378 et
1608 2324 1667 2377 tulin
1688 2335 1774 2378 exacte
1792 2323 1915 2375 observa·

1098 2411 1122 2463 ri
1141 2409 1282 2462 ridemus?
1302 2411 1370 2464 Sane
1388 2427 1416 2460 ea
1435 2410 1539 2478 saepius
1557 2407 1729 2477 runornmdum
1749 2417 1790 2458 est
1809 2406 1916 2458 damen»

1099 2493 1148 2556 tis,
1167 2506 1194 2546 nt
1214 2493 1298 2546 sitam
1314 2494 1341 2546 in
1360 2493 1505 2545 academiis
1519 2493 1590 2544 inter
1609 2491 1702 2560 poculo
1716 2493 1843 2551 visentes,
1858 2491 1914 2565 usi·

1098 2576 1223 2639 atinent,
1244 2578 1330 2646 ipsos,
1348 2595 1406 2628 cnm
1428 2577 1454 2627 in
1473 2573 1615 2628 academiis
1633 2573 1742 2635 virent,
1768 2572 1840 2624 nulio
1858 2591 1914 2624 am·

1096 2660 1166 2728 plius
1184 2661 1332 2714 studiorum
1351 2661 1440 2713 labore
1458 2658 1578 2727 indigere
1594 2679 1601 2722 ς
1628 2658 1672 2710 sed
1691 2657 1723 2708 ad
1742 2657 1808 2708 socri
1828 2653 1913 2709 officii

1097 2745 1246 2798 functiones
1264 2747 1286 2800 si
1306 2762 1460 2816 perannum
1473 2753 1518 2796 aut
1530 2743 1638 2795 dimidii
1658 2741 1721 2794 anni
1741 2741 1856 2810 spatium
1872 2743 1912 2794 in·

1096 2838 1136 2882 ter
1154 2831 1318 2884 eruditorum
1337 2829 1471 2884 consortia
1489 2827 1669 2880 connumerati
1691 2825 1790 2878 inerint
1801 2861 1811 2887 ,
1838 2821 1912 2874 soln-

1094 2916 1192 2970 oienles
1211 2933 1282 2976 esse:
1302 2923 1468 2968 cumtamen
1494 2911 1542 2962 hac
1567 2910 1621 2962 sola
1639 2909 1805 2978 persuasione
1825 2909 1910 2960 luctati

1094 3001 1190 3052 nullum
1209 2999 1297 3052 literis
1313 3013 1421 3068 operum
1440 2993 1604 3055 satureriot;
1623 2991 1667 3046 sed
1687 2991 1766 3044 variis
1786 2991 1908 3044 titionum

1091 3083 1231 3150 generibus
1248 3085 1335 3134 ritum
1348 3078 1585 3132 motantuamtm
1607 3086 1633 3127 et
1652 3075 1907 3128 cotstmuculurerint.

1091 3164 1166 3218 cont.
1186 3164 1301 3233 insignis
1319 3162 1424 3232 pietatis
1442 3162 1594 3228 exetnplum
1615 3159 1640 3210 b.
1659 3157 1703 3210 dis.
1722 3156 1865 3210 Brnnnem.
1877 3159 1907 3210 in

1089 3246 1301 3316 incomparabili
1315 3257 1390 3300 trost.
1411 3247 1444 3299 de
1459 3242 1631 3312 inmersit.
1655 3254 1676 3294 ι.
1695 3259 1717 3292 c.
1733 3250 1756 3289 t.
1775 3259 1848 3294 nutu.
1867 3254 1906 3292 to.

1091 3334 1147 3384 linc
1164 3333 1334 3402 persuasione
1350 3325 1460 3392 moslisi,
1474 3341 1501 3382 et
1518 3329 1569 3382 ritu
1583 3325 1657 3378 titiis
1674 3335 1839 3392 cottspurcutn
1851 3343 1904 3376 sae·

1090 3417 1156 3486 pius·
1167 3413 1449 3476 domumredeonles,
1467 3422 1512 3464 ant
1529 3413 1561 3462 ud
1580 3411 1631 3461 ai'ta
1650 3409 1704 3461 ioca
1723 3425 1750 3458 se
1768 3407 1907 3462 cotti'eren·

1090 3511 1148 3562 tes,
1178 3497 1211 3550 de
1234 3497 1346 3566 patroni
1365 3497 1494 3548 electione
1513 3496 1618 3546 student
1632 3527 1649 3558 ,v
1664 3510 1715 3558 qtto
1735 3504 1834 3560 reperto
1853 3496 1907 3563 ipsi

1089 3593 1205 3636 sanctum
1224 3581 1361 3633 denarium
1375 3579 1504 3642 offerunt,
1520 3580 1611 3647 sicque
1625 3575 1794 3646 prohdolor!
1809 3579 1907 3646 alisque

1088 3665 1283 3718 examinatione
1299 3674 1326 3716 et
1345 3673 1431 3716 rectae
1447 3659 1510 3715 tutet
1528 3673 1604 3730 utque
1624 3664 1765 3714 hntsestatis
1785 3661 1853 3712 uitue
1867 3673 1906 3714 te·

1090 3751 1218 3806 alimonio
1236 3750 1410 3812 ordinantur,
1430 3758 1455 3799 et
1474 3748 1504 3799 ud
1524 3748 1591 3801 sacri
1618 3747 1696 3812 hujus
1713 3743 1798 3798 oflicii
1818 3747 1909 3798 admi-

1091 3833 1289 3895 nistrationem,
1308 3831 1503 3896 adrnitlnntnr,
1521 3832 1560 3882 uli
1582 3831 1638 3898 ipse
1657 3833 1799 3898 imperator
1817 3833 1904 3884 insti:

1091 3919 1184 3969 cianus
1203 3913 1284 3966 deeo
1303 3915 1425 3978 jamtum
1445 3924 1625 3983 suotempore
1645 3912 1673 3962 in
1704 3929 1768 3962 noo.
1799 3923 1855 3962 ιιι.
1880 3931 1903 3966 e.

1095 4013 1116 4052 t.
1134 4006 1291 4068 conquestus
1308 4009 1357 4049 est.
1375 3998 1512 4066 Exemplis
1537 3997 1588 4050 hoc
1612 3997 1699 4066 ipsum
1722 3995 1858 4050 testificari
1878 3999 1902 4050 si

1092 4082 1284 4136 mittissimus
1301 4091 1384 4150 esset,
1404 4081 1585 4152 amplissimus
1612 4081 1678 4132 mihi
1703 4081 1736 4130 ad
1760 4082 1908 4134 ‹licendum-

1090 4168 1382 4237 aperireturcampns,
1401 4173 1428 4218 at
1445 4183 1504 4218 curn
1524 4183 1553 4216 ea
1571 4162 1681 4228 odiosa,
1706 4164 1807 4218 dixisse
1826 4164 1903 4220 suffe·

1090 4254 1170 4314 cerii,
1189 4251 1219 4302 ad
1231 4250 1308 4317 hujus
1319 4247 1403 4304 oificii
1417 4251 1675 4304 administrationem
1689 4249 1717 4302 in
1730 4249 1838 4302 civitate
1851 4271 1905 4304 nnn

1092 4339 1179 4404 ignota
1198 4334 1384 4402 tympanistrio
1402 4351 1454 4386 non
1473 4333 1526 4386 nisi
1545 4335 1632 4401 legere
1643 4342 1670 4383 et
1683 4333 1799 4386 scribere
1820 4337 1906 4388 valen-

1094 4431 1167 4483 tem,
1187 4417 1332 4470 admissum
1352 4433 1429 4481 esse,
1449 4417 1513 4468 hinc
1530 4426 1556 4468 et
1575 4418 1602 4468 iu
1621 4425 1800 4485 contemptum
1821 4419 1906 4487 ipsius

1091 4503 1193 4572 saepius
1211 4501 1239 4551 in
1258 4501 1452 4553 conventiculis
1464 4501 1517 4555 dici
1532 4500 1628 4554 audiris
1643 4505 1728 4556 Peter
1740 4503 1787 4554 der
1805 4507 1902 4556 Trom-

1092 4585 1290 4654 melscltlaeger,
1310 4581 1431 4650 Psurrer
1443 4604 1475 4638 eu
1489 4603 1514 4636 n.
1529 4603 1555 4636 n.
1567 4585 1643 4638 .Vere
1663 4602 1783 4650 narrans,
1800 4606 1906 4656 quaero,

1092 4691 1140 4742 qna
1159 4667 1319 4722 conscientia
1340 4668 1473 4720 talismodi
1492 4668 1525 4720 ad
1544 4668 1621 4736 httjus
1637 4665 1723 4722 cilicii
1743 4667 1906 4724 functionem

1093 4751 1244 4822 adspirare,
1262 4767 1345 4818 quase
1355 4749 1516 4803 conscientia
1529 4752 1632 4819 patroni
1652 4751 1693 4802 illi
1711 4753 1865 4819 argentarii,
1879 4766 1907 4807 ut

1094 4837 1132 4888 sic
1151 4835 1222 4903 loqui
1240 4833 1331 4896 liceat,
1352 4833 1430 4886 hosce
1447 4833 1645 4886 candidatosad
1660 4835 1708 4887 hoc
1720 4835 1907 4904 gratissimum

1094 4917 1216 4971 cilicium
1234 4917 1380 4970 admittere
1400 4917 1525 4986 possint?
1545 4917 1584 4968 td
1604 4917 1719 4986 primam
1738 4919 1906 4989 respondeo,

1095 5019 1153 5052 cnm
1172 5001 1216 5051 hic
1232 5017 1324 5052 coecus
1342 5017 1446 5054 coecum
1458 4999 1550 5063 docnt,
1564 5003 1710 5070 periculum
1723 5019 1797 5064 esse,
1810 5014 1839 5058 nt
1851 5025 1908 5058 nm·

1097 5085 1130 5137 bo
1150 5083 1246 5136 cadant
1265 5083 1293 5134 in
1312 5081 1437 5143 loreum,
1464 5101 1526 5138 eun.
1544 5096 1568 5134 e.
1588 5083 1647 5136 dist.
1669 5097 1709 5138 tte·
1730 5086 1779 5138 hoc
1796 5102 1855 5153 est,
1881 5093 1909 5144 in

1097 5179 1231 5220 aeternam
1249 5168 1395 5233 gehennam
1422 5184 1449 5219 se
1473 5167 1616 5220 detrudunt·
1642 5166 1681 5218 td
1705 5170 1849 5222 secundum
1870 5193 1911 5225 re·

1096 5251 1229 5321 spondeo:
1249 5251 1380 5316 ejusmodi
1402 5261 1524 5319 patronos
1538 5253 1565 5304 in
1580 5251 1718 5304 tremenda
1738 5255 1849 5306 extremi
1870 5258 1911 5320 in·

1097 5335 1162 5386 dicii
1181 5333 1225 5384 die
1244 5333 1276 5386 de
1295 5334 1344 5388 hoc
1363 5319 1514 5387 incottsulto
1531 5334 1601 5388 iacto
1620 5335 1734 5390 rationes
1760 5337 1910 5394 reddituros

1097 5433 1170 5478 esse,
1195 5416 1268 5484 qnod
1282 5434 1337 5468 non
1358 5434 1458 5476 ιιιιιιιιι
1484 5417 1530 5470 sed
1549 5428 1586 5472 tot
1604 5418 1696 5472 seduci
1712 5419 1814 5472 animas
1841 5423 1912 5489 pnssi

1098 5500 1205 5552 inerint.
1225 5502 1281 5567 Qua
1298 5510 1384 5552 autem
1405 5502 1541 5554 literarum
1561 5503 1671 5556 scientia
1692 5503 1809 5556 ministri
1830 5507 1911 5559 eccle·

1097 5585 1151 5636 sine
1162 5586 1290 5636 instructi
1310 5601 1368 5638 esse
1387 5586 1513 5649 dolosam,
1527 5605 1613 5638 meum
1622 5627 1630 5652 ,
1650 5597 1741 5656 utpote
1753 5588 1781 5638 in
1796 5589 1908 5642 aliorsum

1096 5686 1208 5724 messem
1225 5668 1271 5738 qui
1291 5667 1643 5736 inconstantiorem,
1662 5670 1839 5725 determinare
1859 5691 1911 5726 non
1931 5703 1933 5710 ι

1974 5722 2052 5752 Α
