4338 6240
239 289 289 356 557
766 277 814 360 lili
833 271 1074 332 cattostttta
1092 269 1130 328 lli
1148 267 1300 332 GENER!-
1772 279 1823 350 ⁵7⁸

196 385 308 458 plectis,
326 383 379 458 (t.)
397 399 457 436 cuns
475 394 528 432 uon
545 370 907 448 simpliciteracquiescirnns
921 370 950 422 io
964 367 1014 420 Dei
1065 366 1108 434 le,
1126 365 1242 438 adeoque
1260 381 1309 418 nec
1327 365 1415 422 virtus
1433 365 1588 426 necsltinm
1601 371 1877 430 milivitlllseoim
1917 386 1948 432 ts

126 477 157 520 ll
198 473 351 536 voluntate,
371 471 417 522 sed
436 466 565 522 rationem
586 461 779 530 ejusrolumus
797 455 896 510 sidere.
914 455 1016 508 Verum
1064 449 1171 504 bonisn
1190 461 1216 503 et
1236 450 1696 523 nsttrtmbqnncuriositatis
1715 461 1879 529 jaceamus

197 574 258 610 aum
277 552 430 610 rmssbulum
445 559 563 604 nostrum
584 554 677 597 nature
692 561 737 596 sne
751 539 830 612 pians
842 540 894 603 sit,
909 549 935 592 et
955 557 1014 591 euru
1066 533 1105 588 rel
1125 533 1284 606 praecipitus·
1301 537 1342 590 rel
1361 535 1530 607 prohibetur,
1542 556 1591 610 per
1601 541 1724 598 accidens
1742 543 1828 600 eidem
1841 563 1884 601 eo-

191 641 222 692 in
243 640 337 690 boum
360 646 415 690 mm
435 633 465 691 pu
483 632 577 684 mum
599 623 825 698 ,ignipmpmm
850 622 936 694 mppr
955 639 1015 694 12⁰¹·
1066 617 1152 683 cedit,
1172 617 1214 672 vel
1232 635 1263 672 ex
1283 617 1383 690 objecti
1409 621 1553 690 qualitate,
1573 625 1612 678 rel
1637 624 1825 698 investigantis
1842 633 1884 686 in-

194 721 247 784 sit.
266 720 336 791 quot
354 729 381 772 et
396 719 456 788 ipse
473 715 598 782 allegatus
613 709 716 762 lessius
731 709 756 762 d.
770 707 789 759 l.
802 707 937 776 agnoscit,
952 705 1014 758 dum
1068 700 1197 756 tentione.
1216 703 1283 756 Nasu
1302 703 1326 755 si
1344 705 1416 756 circa
1434 719 1477 758 res
1495 704 1583 758 licitas
1603 705 1681 762 licito
1706 711 1786 766 modo
1802 730 1880 768 ocoss-

197 822 225 858 ῃ,
248 816 291 859 tt.
309 801 474 858 curiositatis
493 795 628 865 cujusdam
649 809 701 846 non
722 790 805 844 malae
817 797 845 841 et
856 787 1017 858 adiaphoris
1067 795 1127 857 pata
1147 786 1183 839 sit
1201 788 1357 853 curiositas,
1372 787 1464 842 cadesa
1483 808 1498 844 e
1516 792 1575 858 jure
1595 803 1685 848 nostro
1703 795 1882 868 praecipitare

198 887 365 940 mentionem
385 881 535 954 injici13asl
552 880 615 932 licea
629 878 717 948 ipsum
736 890 839 946 qnoque
859 888 1018 942 cognosces·
1067 869 1090 921 si
1110 887 1172 924 sero
1191 871 1220 924 in
1240 888 1282 924 res
1298 872 1341 926 rel
1363 872 1489 940 illicitus,
1507 875 1548 928 sel
1576 875 1664 931 licitas
1686 877 1785 936 illicito
1802 883 1881 937 nota

194 967 223 1020 eli
244 968 409 1022 desiderium
430 966 459 1017 in
478 983 505 1018 se
524 964 595 1017 nulls
615 961 764 1016 vitiositate
788 957 904 1022 laboret,
923 955 1017 1010 licebit
1069 955 1205 1026 inquiret,
1224 956 1258 1009 ab
1276 957 1367 1012 codem
1385 959 1543 1028 prohibetur
1568 968 1598 1012 el
1618 959 1766 1020 damnatur.
1784 967 1885 1021 Veram

197 1050 268 1104 milti
294 1051 359 1104 illud
385 1049 543 1122 massaliter
570 1047 706 1118 accipere,
730 1045 794 1097 adro
825 1049 856 1094 ut
880 1039 1018 1094 curiositas
1069 1043 1132 1096 hoec
1149 1061 1208 1096 aum
1226 1045 1355 1115 exemplis
1373 1045 1461 1100 lutura
1478 1045 1531 1102 sint
1549 1046 1764 1122 clstiore,persso
1795 1050 1872 1109 edre

197 1131 318 1187 absolute
337 1143 365 1188 et
384 1133 412 1185 iu
433 1147 460 1186 se
477 1129 659 1197 considerata,
678 1143 762 1198 neque
780 1125 849 1180 bonu
868 1141 951 1196 neque
966 1142 1018 1178 sne·
1068 1129 1157 1202 lique,
1175 1147 1271 1202 meque
1288 1132 1395 1202 accingo
1413 1132 1447 1187 etl

875 1285 1122 1360 CAPUT
1168 1290 1216 1360 ll.

776 1459 830 1528 Dc
853 1465 1053 1532 curiositate
1075 1464 1170 1530 circa
1192 1487 1305 1530 sacra.
1385 1523 1388 1528 .

437 1653 461 1704 s
481 1651 509 1704 tl
527 1652 560 1702 l!
574 1649 612 1704 ΙΙ
622 1648 653 1702 A
671 1649 697 1702 li
716 1649 734 1702 Ι
750 1648 779 1700 A
1070 1647 1280 1746 Haereticornm
1296 1649 1385 1706 sacris
1401 1669 1439 1706 an
1458 1651 1519 1724 puis
1535 1653 1664 1710 interesse
1674 1653 1762 1724 possit
1778 1655 1891 1712 uidenti

195 1823 324 1878 Potestas
341 1817 414 1874 circa
433 1832 514 1872 sacra
527 1815 574 1870 uel
583 1813 691 1869 interna
704 1824 759 1880 est,
772 1813 814 1868 cel
824 1823 940 1870 esterna
951 1831 979 1868 ts.
996 1823 1018 1868 t.
1071 1732 1301 1886 ‘13:22sser
1306 1749 1331 1870 οε.
1338 1828 1360 1870 t.

201 1901 345 1972 Quomodo
359 1903 426 1958 tneo
438 1899 597 1970 differant?
615 1917 641 1952 n.
664 1909 688 1950 ².
704 1914 774 1970 seqq.
1073 1898 1220 1954 Canticum
1236 1899 1281 1954 lss'c
1297 1901 1491 1958 observandae.
1509 1922 1538 1958 n.
1558 1914 1599 1956 tt.

194 1988 356 2044 Haereticus
369 1987 453 2060 puis?
464 2005 491 2040 tt.
507 2000 531 2040 s.
1072 1989 1208 2041 Interesse
1226 2004 1332 2058 quoque
1348 1986 1412 2056 lieet
1429 1985 1520 2062 officii
1536 2005 1631 2045 musa.
1650 2009 1678 2044 rt.
1698 2003 1739 2046 ts.

193 2074 329 2142 Princeps
346 2073 423 2127 estes
442 2089 498 2129 esse
516 2069 640 2127 curiosus
657 2067 731 2128 circa
749 2069 927 2144 inquirendos
951 2071 1015 2130 lsae·
1071 2069 1213 2124 Electores
1230 2072 1409 2126 celebrationi
1425 2074 1575 2128 naiasin
1592 2075 1725 2132 electione
1747 2077 1891 2150 imperato·

234 2159 339 2212 retiam.
360 2177 388 2210 n.
403 2169 427 2209 t.
1107 2154 1151 2208 ria
1169 2155 1251 2212 lsotiie
1268 2155 1414 2212 intersunt.
1433 2171 1462 2212 n:
1474 2168 1517 2214 tt.
1585 2189 1590 2196 ·

199 2243 377 2302 Visitationis
396 2243 561 2300 domesticae
579 2243 695 2300 utilitas.
716 2261 746 2297 n.
766 2253 793 2296 t.
1218 2231 1221 2236 ¹

196 2334 318 2387 Pastori
336 2331 473 2386 visitandi
489 2330 557 2402 qnid
572 2325 799 2384 asservandum?
815 2347 845 2382 n.
863 2337 888 2380 t.
1073 2271 1241 2393 Displicent
1258 2340 1316 2380 esse
1336 2323 1430 2394 illam,
1455 2347 1523 2400 quse
1547 2328 1705 2384 hominibus
1726 2331 1797 2386 circe
1821 2345 1894 2384 more
1931 2348 1940 2389 t

194 2417 244 2468 An
261 2414 437 2484 pastoresad
449 2413 633 2469 visitationem
647 2413 825 2469 domesticam
837 2412 865 2468 in
879 2413 1019 2470 conscien-
1072 2406 1218 2480 competit,
1235 2411 1510 2478 potestatem,„eliern
1530 2411 1823 2480 scilieettlossmsticsm
1836 2416 1893 2468 sire

232 2497 274 2551 tia
291 2497 427 2568 alligari?
445 2515 473 2552 n.
497 2507 534 2552 to.
1071 2492 1223 2556 internam,
1240 2491 1320 2546 aliern
1343 2494 1575 2550 architectoniam
1600 2495 1655 2551 sive
1672 2508 1825 2563 externam,
1845 2517 1893 2554 no·

193 2581 377 2656 Affirmant,
390 2602 417 2638 η,
433 2595 473 2638 tt.
485 2599 559 2656 pepp,
1073 2585 1129 2630 turn
1148 2587 1196 2630 est.
1215 2577 1265 2631 llls
1282 2593 1330 2648 per
1348 2576 1422 2632 serbi
1436 2578 1577 2636 ministros
1589 2591 1617 2636 et
1625 2582 1818 2636 ceolmiestioas
1831 2597 1891 2652 per·
1929 2593 1942 2636 t

194 2671 231 2724 tn
243 2669 393 2724 tamarica
405 2667 566 2724 unaarum
582 2685 641 2726 non
660 2667 752 2724 tianae
769 2679 808 2724 ese
822 2685 959 2738 personae
977 2686 1019 2726 re
1071 2677 1148 2716 sona
1165 2662 1323 2735 erptiam,
1341 2675 1367 2718 er
1385 2666 1468 2718 sottus
1486 2665 1552 2732 Dei,
1572 2683 1626 2720 uon
1643 2667 1762 2722 homiui·
1775 2667 1893 2736 subisset

232 2763 346 2822 spectus.
358 2771 384 2806 n.
403 2762 443 2806 tt.
1071 2747 1333 2819 imperto„steoqne
1350 2736 1422 2803 me're
1438 2749 1627 2804 ministerialis
1645 2759 1701 2816 est,
1720 2767 1769 2806 nec
1794 2752 1823 2804 iu
1847 2765 1892 2805 ua·

196 2837 263 2890 Non
275 2838 569 2906 delentpcstorcssui
578 2845 724 2907 prsemu
737 2838 900 2896 visitationis
919 2841 1019 2898 alienis
1070 2829 1171 2900 “indiis
1189 2831 1237 2886 ⁸²⁴1
1261 2832 1403 2902 diffinitio
1428 2833 1563 2887 consiliii·
1587 2835 1660 2890 iisse
1683 2834 1716 2888 sti
1740 2835 1892 2907 principem
1930 2839 1943 2888 i

234 2921 351 2988 negotiis
368 2938 397 2976 se
415 2919 573 2975 immiscere.
592 2939 620 2974 n.
641 2933 679 2976 ts.
1070 2923 1183 2986 spectet,
1201 2917 1310 2988 ejusque
1328 2918 1418 2972 subest
1435 2916 1588 2972 arbitratui.
1611 2920 1685 2975 ilinc
1704 2920 1788 2991 impp.
1806 2920 1895 2974 Theo·

200 3005 330 3062 stimri,
346 3004 492 3062 domestica
506 3005 588 3060 tradi,
601 3023 677 3061 κη,
690 3024 719 3061 η,
735 3017 776 3062 η,
1070 2998 1161 3055 tlosius
1177 3010 1206 3054 et
1218 3000 1423 3056 Valentinianus
1442 3002 1472 3057 in
1490 3003 1590 3058 novell.
1606 3003 1639 3058 cle
1647 3003 1767 3075 judaeis.
1780 3019 1883 3059 samer.

193 3089 271 3144 Hinc
288 3088 476 3144 sacerdotibus
493 3109 527 3145 ea
544 3089 725 3161 iniungenda.
738 3110 767 3145 n.
783 3105 823 3146 tt.
1070 3086 1172 3143 liceret.
1190 3096 1216 3142 es
1230 3087 1356 3159 paganis.
1377 3090 1457 3142 Inter
1471 3096 1597 3144 caeteras
1606 3127 1616 3156 ,
1635 3087 1774 3159 inquiant,
1792 3086 1895 3142 sollici·

195 3171 340 3228 Haeretici
351 3174 379 3227 in
391 3173 523 3244 religione
537 3175 635 3228 melius
646 3175 831 3248 infirmandi.
842 3197 873 3234 n.
891 3189 933 3232 te.
949 3190 1002 3234 ts..
1069 3171 1193 3237 sudines,
1212 3187 1281 3242 quas
1298 3171 1514 3242 enorpntttcns
1523 3173 1647 3245 pervigili
1658 3172 1824 3246 cogitatione
1842 3187 1894 3228 no·

195 3259 262 3309 Non
274 3257 312 3309 ad
322 3276 383 3312 eam
401 3259 522 3330 cogendi.
537 3277 566 3312 n.
582 3271 627 3314 ro.
1070 3255 1112 3308 lis
1128 3253 1254 3320 inducit,
1270 3255 1448 3324 praecipuam
1468 3257 1622 3327 maiestatis
1634 3274 1736 3314 curans
1755 3271 1814 3312 esse
1827 3274 1890 3327 per-

196 3339 330 3406 Princcps
344 3341 488 3410 prolibare
502 3353 591 3410 pasees
607 3341 827 3412 publicationem
844 3359 1021 3418 pompm
1066 3339 1210 3409 spicinsus,
1227 3355 1308 3395 serae
1325 3339 1468 3410 religionis
1484 3340 1652 3410 indaginem,
1664 3341 1743 3411 cup'ue
1755 3342 1893 3398 cicuitum

233 3433 261 3475 er
277 3425 463 3480 serimentum
482 3426 628 3497 religionis
642 3423 840 3495 cefemionem.
860 3449 888 3486 n.
908 3443 953 3486 rr.
1071 3433 1163 3480 seam
1177 3426 1360 3495 anticristus.
1379 3426 1432 3478 tter
1442 3425 1632 3496 prosperitatis
1650 3427 1779 3482 tanente
1800 3427 1892 3496 apert·

199 3506 276 3576 Qnirl
289 3525 373 3580 porro
385 3510 496 3580 possiti
508 3529 534 3564 n.
549 3521 591 3564 22.
1067 3527 1134 3568 ,mus
1152 3511 1276 3582 inceptis·
1294 3511 1349 3566 ttae
1367 3527 1442 3564 ruere
1460 3511 1642 3565 tantummodo
1663 3512 1766 3565 sossius
1784 3512 1825 3566 vel
1847 3509 1891 3563 sli-
1937 3523 1942 3544 ¹

197 3593 248 3646 An
268 3593 420 3650 haereticus
434 3593 530 3665 puniri
545 3593 655 3664 possit?
671 3615 698 3650 n.
720 3607 762 3652 tt·
1072 3598 1168 3654 secun
1186 3606 1227 3652 est
1245 3595 1309 3649 lssea
1325 3605 1456 3669 potestas,
1468 3593 1514 3650 ted
1526 3593 1733 3666 assequentem
1747 3596 1891 3648 coeatirem
1968 3603 1970 3608 ’

199 3671 382 3750 Affirmatur·
395 3695 422 3730 n.
437 3687 479 3730 tt.
1073 3679 1154 3739 habet
1171 3678 1308 3746 comitatu,
1320 3695 1371 3750 qua
1389 3697 1441 3748 pro
1458 3695 1488 3733 re
1500 3687 1561 3733 nete
1575 3679 1604 3731 iu
1617 3677 1787 3732 refractarios
1798 3687 1827 3731 et
1839 3678 1892 3732 irn-

198 3763 300 3816 Poena
314 3761 597 3818 tonussemitonium
614 3765 649 3820 sl
668 3765 811 3822 laereticis
825 3784 882 3822 non
901 3785 1023 3840 parcan·
1074 3767 1220 3836 morigeros
1236 3773 1326 3836 potest
1343 3763 1562 3827 ntaetsenne,
1580 3772 1609 3818 et
1633 3762 1716 3826 tttnt,
1739 3761 1811 3832 quoti
1834 3779 1891 3818 uon

237 3844 280 3900 it't·
294 3863 322 3899 n.
340 3857 382 3900 tt·
1073 3854 1142 3908 relat
1158 3846 1397 3906 macometica·
1414 3863 1463 3918 per
1480 3847 1616 3902 doctrines
1627 3861 1787 3913 sermonem,
1797 3845 1892 3918 imple·

199 3930 357 3988 Crudelitas
373 3935 556 4002 quorumdam
568 3933 597 3988 in
613 3932 792 4004 inquisitione
812 3937 1019 3994 leoninarum.
1073 3955 1104 3992 re
1121 3953 1168 4008 per
1184 3934 1342 4007 disciplinae
1360 3944 1500 3988 terrorem.
1528 3949 1591 3986 ean.
1612 3931 1745 3999 princepe·
1765 3941 1808 3985 ta.
1826 3948 1889 4002 cap.

238 4033 266 4070 n.
282 4028 323 4071 ts.
1075 4033 1118 4076 ts.
1134 4041 1179 4093 prs·
1199 4031 1224 4073 s.
1241 4019 1289 4072 llle
1306 4017 1377 4071 airas
1396 4031 1439 4072 res
1456 4015 1890 4072 ecclesiasticesexercetureacle·
1927 4022 1941 4064 t

197 4103 360 4158 Haereticus
376 4122 467 4172 poena
484 4105 597 4174 capituli
608 4121 667 4158 non
685 4101 859 4177 afficiendus·
876 4123 905 4160 rs.
925 4117 968 4160 st.
1073 4106 1196 4171 suetiae,
1214 4103 1317 4158 scilieet
1327 4100 1505 4172 praedicando
1522 4108 1549 4153 et
1566 4099 1768 4169 interpretenda
1780 4100 1889 4154 sertam

198 4183 491 4241 Ns'rialiuddelictam
509 4197 762 4242 concrematum.
961 4227 964 4234 ·
1070 4189 1209 4252 (lirinum,
1236 4183 1454 4240 etntntsnento
1475 4191 1656 4250 aeramenta,
1676 4182 1837 4238 remittendo
1860 4193 1890 4240 et

198 4269 250 4318 An
265 4265 395 4340 princeps
410 4269 498 4340 possis
511 4269 667 4341 permittere
677 4271 844 4344 religionum
855 4271 1024 4328 tttenasesst
1070 4271 1212 4330 retinendo
1230 4281 1332 4342 peccate
1349 4277 1398 4322 etc.

196 4369 214 4380 ‘
235 4366 262 4400 tt·
277 4359 318 4402 ²⁹·
1107 4357 1178 4410 llaec
1194 4355 1265 4407 circs
1281 4351 1458 4406 eodesisffice
1475 4351 1584 4423 quidem
1604 4361 1752 4418 metamur,
1775 4367 1829 4406 nou
1848 4359 1888 4405 te·
1927 4385 1941 4426 5

199 4432 362 4504 Neguturrt.
380 4447 421 4488 tn.
436 4447 478 4490 tt.
1072 4459 1136 4496 men
1160 4437 1356 4502 ecclesiastice,
1374 4435 1420 4490 seri
1445 4437 1524 4490 ruodo
1547 4435 1660 4506 quaten
1683 4434 1777 4502 cirili,
1800 4447 1826 4491 ct
1845 4435 1892 4488 els-

198 4517 357 4572 linsirotur.
371 4537 398 4570 n.
415 4531 457 4574 tt.
1072 4526 1184 4581 soluitur
1201 4523 1293 4577 uelem
1311 4519 1484 4593 potissimum
1500 4519 1639 4590 religionis
1657 4518 1687 4572 in
1705 4518 1835 4592 rempubl.
1849 4521 1892 4575 itt·

203 4601 347 4658 Tramitus
366 4604 404 4656 ad
419 4604 606 4662 curiositatem
624 4605 816 4678 vtaotogteam.
829 4624 860 4660 ss.
873 4618 916 4662 ss.
1071 4607 1251 4672 troslssctione,
1264 4617 1289 4660 et
1301 4606 1411 4660 alterins
1424 4602 1614 4660 reicrmsttoae
1623 4603 1681 4658 eise
1698 4605 1839 4676 ejectione,
1849 4623 1891 4662 se·

196 4685 332 4741 Perversa
351 4689 496 4744 curiositas
514 4701 570 4758 ess,
585 4693 614 4746 si
630 4692 692 4764 puis
715 4693 786 4748 scire
804 4690 867 4745 velit
892 4707 936 4748 ree
959 4709 1020 4748 non
1070 4694 1202 4746 cerdotssru
1220 4700 1249 4744 et
1266 4707 1440 4763 personarum
1453 4689 1688 4744 ecclesiasticarum
1698 4691 1892 4744 constitutione

234 4771 371 4828 revelatas
387 4785 415 4827 et
432 4791 488 4828 non
507 4776 686 4830 necessariam
704 4795 733 4830 n.
752 4785 796 4830 st.
813 4793 854 4850 sp.
1069 4787 1098 4832 et
1109 4775 1272 4840 remotione,
1284 4775 1414 4830 mnarum
1425 4773 1665 4828 ecclesiesticorum
1678 4774 1890 4830 administratio·

197 4855 340 4926 Exempla
360 4858 440 4928 laius
457 4859 632 4915 curiositatis.
650 4879 678 4914 n.
699 4872 742 4916 se.
760 4877 835 4933 seqq.
1070 4879 1121 4929 ue,
1139 4861 1350 4918 ceremoniarum
1368 4859 1562 4932 dispositione,
1581 4857 1709 4914 testarum
1729 4859 1888 4926 indictione,

196 4943 328 4996 Perverse
340 4942 465 4997 curiosas
476 4953 525 5011 est,
538 4944 587 5014 qui
598 4961 642 5000 res
653 4945 938 5015 puirlemmcessarias
944 4961 1020 5002 scru-
1070 4947 1195 5002 soelesisc
1213 4945 1379 5008 defensione,
1397 4953 1423 4998 et
1441 4943 1517 5012 sipili
1533 4945 1605 4998 circe
1624 4943 1772 4998 merenas
1799 4945 1889 5014 inqui·

234 5035 323 5092 satur,
341 5026 390 5080 sesi
408 5026 465 5080 alio
478 5024 548 5096 fine.
567 5047 596 5081 n.
616 5037 660 5082 ta·
680 5038 724 5080 tt.
1070 5029 1168 5085 sentes
1186 5041 1211 5084 et
1228 5030 1258 5083 in
1274 5031 1399 5084 ordinem
1418 5027 1577 5099 redigendos
1590 5029 1751 5084 cufiositete·
1765 5027 1828 5082 tit.
1841 5028 1887 5082 sla.

199 5107 351 5162 Cerrioritas
369 5109 419 5163 ille
439 5125 489 5164 cur
506 5109 642 5165 vitanda?
660 5130 688 5166 n.
708 5122 751 5166 tr.
770 5123 812 5170 tt.
1070 5114 1156 5184 ztegt.
1175 5115 1213 5168 aa
1229 5112 1382 5169 baulos·
1400 5114 1464 5166 inst·
1478 5111 1552 5184 p'uris
1577 5129 1682 5168 canon.
1706 5112 1726 5164 i.
1754 5123 1779 5166 t.
1803 5123 1822 5164 t.
1846 5123 1887 5170 to.
1941 5119 1945 5137 ¹

201 5192 298 5261 Qualis
314 5193 474 5261 simplicitas
491 5196 649 5268 requiratur
658 5197 688 5250 in
702 5197 893 5272 ntusfitetr
910 5217 938 5254 n.
958 5209 1000 5254 st.
1067 5203 1090 5267 ς
1112 5210 1152 5252 tt.
1171 5197 1249 5252 Cossi.
1267 5199 1388 5269 eiusdem
1411 5197 1481 5267 siirp.
1501 5209 1525 5252 t·
1549 5197 1584 5252 tle
1603 5196 1716 5268 imitus
1738 5196 1844 5268 majest.
1863 5207 1890 5252 et

194 5279 273 5332 Sana
291 5277 437 5334 arsriositas
454 5291 579 5336 uersatur
594 5280 672 5336 circa
685 5299 730 5339 res
748 5271 914 5342 adsalutem
927 5301 1018 5343 neces·
1068 5283 1250 5338 Brachmanai·
1267 5282 1298 5337 in
1307 5293 1415 5354 system.
1435 5281 1584 5338 universae
1601 5279 1757 5353 theologiae
1774 5293 1841 5337 tons·
1861 5289 1885 5335 t.

228 5360 332 5418 sumas.
351 5380 379 5416 n.
401 5373 443 5417 ts.
1068 5366 1145 5424 artic.
1160 5376 1237 5420 tt.c.
1252 5377 1275 5420 t.
1293 5376 1356 5421 sect.
1376 5381 1400 5420 t.
1418 5383 1484 5437 quse
1502 5381 1563 5420 curn
1576 5365 1610 5418 sd
1623 5377 1742 5420 nostrum
1754 5365 1888 5436 pertiaest

194 5447 358 5500 Necessaria
376 5447 415 5503 ad
431 5449 546 5506 salutem
565 5450 727 5522 sumam?
745 5471 773 5508 n.
794 5463 838 5507 ts.
1051 5451 1054 5458 '
1068 5452 1176 5517 theme,
1189 5451 1217 5505 ia
1229 5451 1275 5506 ills
1288 5469 1337 5506 uos
1350 5452 1485 5522 paulisper
1497 5451 1633 5514 detinere,
1647 5468 1701 5506 nou
1714 5451 1766 5506 erit
1779 5450 1885 5506 inutile.

195 5531 330 5602 legitime
352 5530 382 5584 in
416 5533 587 5605 ilssolopicis
611 5535 738 5611 curiam
767 5536 836 5610 quid
864 5537 1016 5594 intendat?
1104 5535 1159 5607 Qui
1176 5553 1237 5592 sero
1255 5536 1451 5590 hemetioorum
1466 5533 1575 5590 sentem
1591 5533 1719 5599 nornine,
1743 5549 1804 5586 ussa
1832 5551 1888 5588 nors

242 5635 270 5670 n.
290 5628 331 5670 tt.
354 5627 395 5672 ts·
1007 5618 1011 5626 '
1068 5619 1158 5674 statius
1177 5618 1283 5684 omnis,
1306 5619 1354 5689 qni
1378 5639 1395 5673 e
1418 5617 1496 5670 uobis
1514 5617 1655 5688 aliqusnlo
1673 5617 1815 5684 dissentit,
1834 5637 1883 5690 pro
1921 5625 1936 5668 s

202 5701 489 5760 Isonomnisrationir
502 5721 566 5762 usus
576 5706 607 5762 in
616 5704 920 5782 rhetoricamur.
934 5703 1018 5766 n.'tt.
1069 5703 1116 5780 teli
1133 5701 1227 5766 tetus
1245 5702 1351 5774 miset,
1369 5702 1417 5756 ta.
1435 5700 1526 5772 ztegt·
1540 5701 1579 5756 ari
1591 5705 1676 5756 laec.
1694 5702 1712 5756 l.
1734 5716 1756 5758 s.
1775 5703 1815 5758 tit.
1838 5716 1882 5760 ece
