4338 6240
196 238 248 306 5⁸9
677 217 726 272 DE
745 207 984 272 cntttosttt‘rtt
1004 205 1109 264 ctttct
1131 207 1292 266 ennttct.
1733 215 1783 288 ⁵9⁰

146 321 516 404 Offipfmroderssmpar,
535 315 628 372 codic
651 312 887 383 Wucltegeltudt,
907 309 957 362 dus
1047 304 1118 375 Quid
1139 307 1250 370 sero,si
1266 304 1483 376 prirulus'tarneu
1497 305 1637 362 scientiam
1655 307 1835 376 alicuinacri·
1874 331 1904 373 ιι

142 420 278 490 geriopste
295 416 396 470 dorion
417 407 561 470 veraciter,
580 401 705 458 derslolb
725 419 777 456 aur
791 397 895 467 Stroffe
913 415 959 466 ge·
1014 389 1096 442 minis
1114 401 1271 444 consecutus
1289 391 1339 455 sit,
1356 391 1523 447 tenebiturtts
1541 395 1608 446 illud
1627 394 1826 466 denunciando,

142 502 334 572 augescente.
347 499 412 550 Nom
426 495 490 548 sica
505 492 708 564 peregrinorum
726 485 900 556 corruptione
913 482 963 534 itu·
1015 474 1177 548 alterumque
1196 476 1343 530 accusando
1361 479 1531 548 magistratus
1555 478 1738 538 curiositatem
1755 486 1831 554 adjut

146 590 237 641 munis
257 585 363 638 tandem
382 581 435 634 erit
454 577 612 648 respublira.
1017 557 1095 612 cerei
1113 561 1144 613 Et
1163 561 1212 614 hoo
1232 561 1378 632 negandum
1398 574 1537 632 potorum
1557 563 1646 635 Carpo.
1658 565 1688 619 in
1699 585 1740 638 pr.
1753 570 1828 624 erim.
1873 583 1905 626 ιι

93 691 108 732 ι
183 671 250 726 Com
268 680 356 722 autem
376 683 428 718 uon
447 661 561 734 quilibet
584 676 612 710 eu
638 655 665 708 in
691 649 796 707 uirtutis
821 647 908 704 storlio
933 643 967 700 sit
1015 664 1042 715 p·
1062 657 1086 697 ³.
1105 666 1148 716 qu.
1177 658 1236 700 tot.
1255 666 1281 698 n.
1305 659 1348 699 ιο.
1375 649 1448 702 Zoes
1468 649 1506 702 ud
1517 647 1560 716 ff.
1582 649 1623 704 tit.
1641 651 1675 704 ds
1692 671 1781 708 aecio.
1807 673 1835 708 η.

146 754 302 813 constantia,
320 762 350 804 ut
368 749 444 802 ritiia
462 765 489 799 se
506 741 648 814 aliquando
666 737 791 792 delassari
811 753 863 788 oon
884 733 965 803 putia-
1023 741 1062 780 ιι.
1082 729 1198 800 Fagond.
1219 731 1258 785 od
1274 730 1397 798 decolog.
1414 731 1433 784 l.
1453 744 1478 786 ι.
1496 751 1517 786 ι.
1539 743 1579 788 ιι.
1599 752 1627 788 n.
1641 748 1664 788 ι.
1679 736 1709 789 in
1726 739 1785 802 jure
1806 757 1835 792 c·

147 851 208 905 tur,
229 835 344 891 nondum
363 849 456 888 ornnes
472 828 560 884 olitoii
580 841 666 900 portes
685 825 859 893 expleverunt
879 816 966 888 publi·
1020 815 1078 866 uina
1098 825 1186 866 nostro
1209 831 1335 884 expresse
1358 827 1483 881 cnutum,
1504 833 1538 868 ne
1556 818 1616 886 quis
1641 818 1739 874 inritus
1757 835 1836 887 agere

148 941 193 978 αι
212 922 303 974 utorio
321 930 470 981 curatores,
489 917 510 969 si
535 913 568 966 ab
594 913 676 965 initio
695 911 770 976 ejos,
790 907 836 976 qui
856 903 884 955 in
903 901 969 954 oiri·
1020 898 1058 949 rel
1082 914 1204 950 accusare
1224 909 1351 952 teneatur.
1369 900 1386 952 l.
1412 919 1458 952 un.
1476 919 1501 954 c.
1527 911 1557 954 ut
1582 920 1662 956 nemo
1682 902 1796 962 invitm.
1814 906 1833 957 l.

152 1019 235 1062 tatem
255 1023 283 1058 se
303 1003 388 1074 recipi
408 1003 502 1074 petiit,
522 1015 609 1052 mores
629 991 834 1065 inquisiveriot,
852 987 897 1042 sed
917 987 966 1038 ali·
1011 981 1070 1052 fin.
1089 1001 1112 1035 e.
1131 982 1164 1036 de
1183 999 1258 1038 usur.
1273 983 1366 1050 popili.
1385 984 1554 1039 Excussndus
1572 1002 1633 1054 ergo
1652 987 1742 1057 potius
1759 989 1835 1056 erit,

149 1091 256 1164 quando
275 1091 335 1160 ploa
352 1089 438 1157 erigit
462 1085 570 1137 illorum
597 1079 753 1137 curiositas:
773 1071 969 1144 inquirendum
1019 1065 1065 1136 qui
1085 1066 1257 1119 miseratione
1275 1067 1388 1129 «tortus,
1407 1079 1432 1122 et
1449 1085 1496 1140 spe
1515 1069 1635 1122 melioris
1654 1068 1740 1140 ¹l'rugis
1759 1090 1836 1126 accu-

149 1177 375 1243 „tnoerquoque
393 1183 450 1232 est,
469 1167 534 1240 quid
556 1183 645 1218 rernm
664 1173 692 1214 et
712 1171 770 1232 post
789 1155 969 1228 receptionem
1020 1151 1148 1204 satiouern
1169 1151 1421 1222 intermisit‚quam
1438 1153 1472 1204 ad
1490 1171 1547 1206 eom
1566 1154 1713 1210 arctandus.
1728 1157 1831 1211 llestri·
1868 1172 1899 1215 ιι
1926 1169 1929 1176 ’

148 1271 225 1332 agant
244 1259 331 1321 cives,
349 1274 383 1308 an
402 1253 497 1308 delicta
515 1229 641 1322 quosdam
662 1255 865 1318 perpetrentur,
879 1253 906 1294 et
920 1242 970 1294 ltoc
1021 1248 1089 1290 ctam
1111 1247 1199 1290 tamen
1217 1239 1274 1290 solo
1292 1236 1395 1292 isthanc
1414 1239 1613 1309 responsionem
1624 1239 1657 1292 ad
1671 1238 1719 1294 ltus
1737 1241 1835 1296 solum·

151 1344 176 1398 ,ἰ
195 1341 258 1408 fin,
277 1343 387 1413 ququam
407 1356 499 1396 ,mum
525 1339 582 1390 „m
605 1347 731 1388 „,„„,„,
749 1331 797 1384 Eo
816 1341 904 1384 ,utem
924 1329 969 1382 ιιι.
1023 1323 1102 1375 ruodo
1119 1337 1211 1384 casos,
1225 1322 1247 1374 si
1261 1321 1389 1375 delictum
1408 1324 1463 1392 jam
1482 1323 1519 1378 ait
1537 1335 1717 1396 perpetratum
1724 1363 1735 1392 ,
1748 1339 1776 1380 et
1786 1328 1837 1380 ali-

149 1429 292 1498 inqoiaitio
310 1425 452 1480 menodoro
472 1418 654 1474 crirraioalium
666 1418 806 1470 doctorum
820 1414 970 1468 distinctio
1019 1425 1070 1477 qua
1088 1407 1206 1461 melioris
1223 1407 1309 1478 frugis
1327 1426 1387 1480 spes
1405 1409 1533 1481 supersit:
1549 1411 1611 1463 baec
1629 1411 1717 1474 enim,
1732 1411 1756 1463 si
1780 1429 1835 1466 uon

148 1531 211 1568 uena
231 1511 344 1582 triplex:
363 1507 560 1578 generalissimo
585 1503 653 1566 alia,
673 1501 725 1554 alia
750 1499 895 1570 generalis,
915 1497 970 1550 alia
1020 1494 1105 1557 adsit,
1123 1504 1149 1548 et
1167 1491 1323 1564 deliuquens
1342 1495 1447 1548 nullom
1465 1493 1639 1564 delinquendi
1652 1491 1735 1549 fiuetu
1749 1497 1835 1562 facian

150 1600 266 1668 denique
284 1595 416 1666 specialis.
436 1589 647 1646 Generalissituu
666 1586 711 1638 illa
730 1583 846 1647 dicitur,
856 1582 969 1652 'qttanrlo
1021 1580 1062 1633 sel
1074 1578 1201 1632 delictum
1221 1579 1249 1632 in
1270 1581 1415 1649 pernicicm
1429 1580 1496 1650 reip.
1508 1592 1551 1634 aut
1564 1579 1676 1645 alterius
1690 1583 1762 1636 tertii
1776 1601 1836 1652 gra·

148 1665 295 1752 inponere
319 1679 474 1751 quaeritur,
494 1693 527 1729 an
547 1677 617 1744 leges
636 1682 779 1726 serventur.
800 1671 884 1738 Atque
903 1668 970 1720 hunc
1024 1680 1055 1717 rc
1075 1664 1199 1718 damnum
1226 1677 1320 1732 tergat.
1346 1665 1465 1719 Valerius
1485 1666 1514 1719 iu
1538 1663 1676 1734 different.
1698 1667 1837 1740 utriusque

151 1775 229 1842 pium
249 1768 367 1834 jndicem
380 1780 413 1818 eu
426 1759 518 1817 ollioio
538 1760 681 1814 instituere
698 1755 810 1817 debere,
830 1763 858 1804 ιιι
874 1768 968 1818 cogno·
1010 1743 1085 1818 sori.
1107 1747 1167 1804 sub.
1186 1766 1248 1802 vce.
1267 1748 1443 1803 denunciatio
1463 1747 1523 1818 diff
1542 1761 1566 1802 ι.
1586 1751 1635 1804 licl
1653 1749 1676 1804 si
1695 1750 1780 1806 adltue
1799 1753 1837 1808 sit

152 1863 224 1920 seat,
241 1849 372 1922 quomodo
391 1849 481 1902 virent
506 1843 644 1912 subjecti,
665 1857 698 1892 an
726 1855 778 1892 non
807 1837 877 1889 saria
903 1834 968 1893 sitia
1022 1833 1339 1898 committendum‚ideos
1352 1834 1402 1888 sul
1416 1849 1473 1888 oce.
1484 1833 1632 1906 inquisitio.
1645 1853 1672 1888 n.
1687 1848 1712 1890 ι.
1725 1837 1754 1890 in
1773 1855 1838 1894 con·

155 1944 310 2006 gumurm·
328 1935 400 1986 inm
417 1949 476 1996 ιω,
498 1931 575 1984 docet
589 1924 698 1996 magnii.
717 1924 762 1976 dn.
781 1921 926 1975 llronucm.
939 1919 968 1972 in
1022 1916 1134 1970 scientia
1153 1917 1291 1972 obstrictus
1304 1917 1357 1970 crit
1368 1917 1483 1988 quilibet
1501 1921 1629 1988 priuatus,
1642 1920 1694 1990 ¹epti
1711 1923 1836 1978 notitiam

155 2035 288 2094 mm„
313 2019 465 2090 inquisitor,
484 2032 507 2069 e.
528 2024 552 2064 ι.
570 2032 598 2067 ι.
619 2023 642 2066 ι.
660 2007 804 2064 Generalis
826 2016 888 2070 est,
904 2022 971 2074 quae
1020 1999 1113 2053 deticti
1133 1999 1230 2065 babet,
1255 2001 1288 2054 ad
1311 2001 1360 2054 boc
1384 2001 1609 2059 denunciandum·
1627 2003 1694 2058 ttao
1713 2005 1761 2073 poi
1777 2023 1836 2060 ncta

156 2107 219 2162 ideo
237 2104 288 2170 bt,
309 2115 338 2159 nt
350 2105 468 2166 sciatur,
486 2119 518 2154 au
538 2098 683 2161 delictum,
703 2096 735 2151 de
753 2112 805 2164 quo
824 2092 892 2146 iama
911 2101 968 2153 est,
1021 2085 1144 2149 obsistit,
1168 2085 1195 2138 si
1207 2095 1296 2156 potest
1306 2125 1315 2152 ,
1334 2085 1453 2154 injuriae
1472 2087 1567 2150 editoe,
1579 2086 1760 2158 offerendus,
1779 2099 1838 2144 tosa

155 2207 215 2244 sere
226 2189 416 2250 commissum,
432 2194 460 2238 et
476 2184 536 2254 quis
555 2181 728 2254 probabiliter
739 2177 777 2231 rel
792 2172 969 2247 praesumpti·
1021 2181 1061 2222 est
1079 2170 1107 2222 in
1125 2169 1208 2236 uitio,
1228 2189 1310 2239 quum
1327 2171 1354 2224 si
1367 2180 1513 2240 putentes,
1533 2180 1583 2226 utet
1600 2171 1718 2238 amicos,
1734 2183 1782 2228 out
1790 2190 1840 2242 pu·

152 2289 185 2328 ,ο
203 2271 238 2326 ,tr
259 2271 376 2336 ,jusdem
393 2279 498 2332 auctor,
516 2282 559 2319 ea.
576 2280 616 2334 gr.
635 2263 658 2314 si
676 2271 835 2330 quaeratur,
849 2278 882 2312 su
900 2258 969 2312 occi·
1021 2251 1104 2306 trium
1121 2254 1242 2308 deseror:
1263 2257 1342 2309 serbo
1359 2264 1422 2309 suut
1440 2253 1525 2310 Cicer.
1543 2257 1591 2310 tit.
1613 2268 1635 2309 t.
1653 2255 1734 2328 offic.
1759 2274 1838 2328 repe·

155 2371 200 2410 soa
217 2354 325 2424 quidam
346 2359 465 2424 repertus
484 2351 532 2414 sit,
551 2349 643 2420 quisse
662 2345 737 2398 illutu
755 2342 892 2396 occiderit.
907 2341 972 2412 Spe·
1024 2338 1077 2416 ιίιιΙ
1091 2339 1119 2392 in
1138 2357 1161 2392 c.
1182 2351 1206 2390 t·
1227 2355 1303 2394 cans.
1322 2351 1364 2393 ιι.
1383 2359 1427 2410 qu.
1448 2355 1472 2396 t·
1492 2340 1568 2394 cont.
1589 2343 1614 2394 b.
1633 2342 1677 2396 do.
1693 2342 1796 2398 Brunu·
1808 2342 1839 2400 in

155 2441 233 2492 cialis
250 2439 366 2508 danique
392 2433 535 2504 inquisitio
553 2440 610 2500 est,
632 2447 697 2502 quae
721 2429 848 2483 adsersus
872 2438 972 2482 certam
1023 2433 1123 2492 quaest.
1143 2423 1181 2476 od
1199 2424 1344 2478 Weseneb.
1362 2424 1402 2476 sn.
1421 2425 1455 2477 de
1471 2436 1630 2494 receptator.
1647 2447 1691 2499 qu.
1711 2442 1735 2482 ι.

147 2539 294 2594 ,personam
312 2519 346 2572 ob
365 2516 556 2584 delictum,de
573 2514 725 2586 quo,qood
743 2514 915 2566 commissum
928 2514 973 2580 sit,
1061 2507 1181 2562 Privatus
1204 2507 1291 2576 inque
1311 2508 1339 2560 iu
1356 2511 1517 2562 conscientia
1543 2528 1627 2581 oque
1644 2513 1678 2566 ad
1697 2514 1836 2584 inquiren·
1876 2526 1907 2570 ιι

154 2616 275 2668 mm,
301 2603 461 2656 imppp„
487 2599 543 2653 ,ip
560 2599 632 2652 idem
652 2598 676 2651 b,
698 2599 743 2652 an,
762 2597 911 2650 arannem,
928 2597 977 2652 οἷς,
1027 2589 1109 2654 dum,
1128 2607 1212 2668 neque
1232 2593 1263 2645 od
1283 2591 1496 2646 denunciandum
1513 2595 1624 2648 alterius
1650 2597 1777 2652 delictum
1797 2617 1840 2654 re·

155 2677 174 2744 12
193 2710 223 2746 a,
243 2703 268 2744 ,¹
287 2689 332 2742 „hp
351 2703 457 2758 quoqu,
469 2685 497 2738 j„
511 2704 539 2738 η,
558 2700 629 2756 „W
646 2701 734 2739 „nm
754 2683 828 2736 3⁰10,
844 2683 975 2754 9021050.
1027 2675 1156 2742 pulariter
1174 2685 1214 2728 est
1229 2675 1395 2739 obstrietus,
1409 2675 1567 2746 (posterius
1583 2689 1691 2745 tamen,
1710 2681 1732 2734 si
1752 2683 1839 2750 relit,

148 2788 198 2827 tres
210 2773 275 2824 duas
289 2768 394 2842 speeies
407 2769 526 2840 reperire
536 2769 601 2822 licet
615 2765 803 2822 differentiam.
1029 2758 1116 2815 fucere
1141 2761 1263 2832 polflrllr
1286 2775 1346 2814 0⁰¹³
1369 2761 1499 2815 ¹0⁰¹¹⁵¹¹l⁰
1522 2763 1594 2816 ¹¹th
1617 2765 1646 2816 5¹²
1671 2781 1700 2820 ’θ
1725 2763 1839 2834 babeat,

193 2857 283 2926 Atque
301 2855 390 2919 bano,
410 2870 476 2924 quae
495 2853 524 2906 io
543 2869 630 2908 morea
648 2851 800 2906 actionesre
817 2849 916 2904 cisium
934 2851 979 2904 in·
1027 2845 1096 2916 quod
1115 2848 1294 2902 conscientiae
1313 2847 1474 2902 adversetur.
1493 2849 1546 2902 Do.
1566 2849 1653 2903 l’raea.
1670 2849 1699 2902 in
1715 2852 1787 2921 disp.
1803 2855 1839 2910 de

156 2939 303 3011 quireodos
322 2936 507 3008 impenditur,
525 2937 707 2990 curiositatem
728 2942 756 2986 et
773 2932 931 2986 laudabilem
953 2945 980 2989 et
1015 2930 1088 3002 soro
1102 2933 1295 2988 conscientiae·
1307 2951 1367 3001 cop.
1381 2944 1405 2987 ι.
1419 2953 1446 2987 n.
1464 2936 1536 3005 tet.)
1546 2935 1615 3004 quod
1630 2953 1704 2989 secus
1717 2955 1745 2990 se
1759 2939 1840 2994 babet

153 3024 330 3078 necessariam
351 3039 423 3086 esse,
443 3038 521 3076 nemo
540 3020 628 3074 ioraau
647 3019 765 3092 neg-abit.
780 3019 867 3084 Nunc,
877 3022 920 3073 cui
933 3039 973 3074 ea·
1028 3011 1056 3066 in
1072 3013 1159 3082 iudice
1176 3019 1284 3080 nlllttet
1296 3019 1342 3089 qul
1355 3035 1458 3072 merum
1478 3021 1623 3075 minume
1642 3021 1783 3091 imperium
1797 3025 1842 3076 lta·

153 3107 278 3172 dem,-et
297 3107 379 3162 initio
396 3105 525 3176 quidem,
542 3105 698 3176 anprirato
718 3103 869 3169 incumbat,
886 3085 975 3160 brid-
1027 3097 1106 3164 bent,
1126 3103 1339 3170 magistratibust
1353 3103 1381 3156 in
1397 3103 1432 3154 iis
1451 3103 1524 3156 enim
1543 3103 1685 3175 inquisitio
1704 3116 1788 3160 tanne
1800 3118 1842 3162 est

155 3205 197 3248 tat·
216 3191 416 3264 dispiciendum
435 3192 500 3243 erit.
517 3190 552 3245 Et
568 3190 690 3260 quamtis
713 3190 778 3244 alias
799 3191 913 3260 reipubl.
933 3192 976 3244 in.
1020 3187 1208 3250 necessitatis,
1228 3197 1254 3240 ut
1274 3187 1326 3257 ipsi
1344 3187 1459 3241 oritnine
1477 3205 1531 3241 non
1550 3190 1600 3242 leri
1618 3207 1648 3242 se
1664 3191 1841 3262 obstringunt,

157 3275 360 3342 tersit,delicta
379 3291 432 3329 ooo
454 3290 559 3329 manere
577 3274 677 3327 occulta
695 3283 724 3327 et
742 3273 873 3344 impunito
892 3271 911 3324 l.
932 3283 974 3325 ιι.
1025 3269 1048 3321 ιί
1067 3271 1187 3326 camdem
1211 3273 1391 3327 intermittant.
1417 3271 1531 3338 blapnil.
1548 3272 1594 3327 dn.
1614 3274 1698 3344 Zieql.
1716 3277 1748 3330 ad
1768 3277 1839 3332 Lao-

79 3392 118 3439 „
146 3361 282 3432 ffiodi.
300 3357 386 3432 aquil.
406 3359 463 3412 lloc
480 3367 567 3410 autem
589 3356 657 3426 reip.
676 3355 807 3409 interesse
830 3353 973 3409 admodum
1025 3355 1082 3408 cell.
1102 3357 1122 3411 l.
1141 3366 1166 3409 t.
1183 3367 1203 3409 t.
1225 3369 1247 3408 t.
1266 3353 1290 3428 5
1310 3371 1333 3411 ι.
1354 3357 1439 3412 litem
1458 3359 1558 3430 quippo
1575 3375 1649 3415 susm
1669 3359 1790 3427 iaciunt,
1813 3373 1841 3417 ct
1878 3376 1909 3421 ιι

156 3444 307 3516 promoveri
334 3460 412 3512 posse
430 3441 569 3506 rideatur,
588 3441 611 3494 ai
631 3439 742 3492 cuilibet
759 3439 863 3511 priuato
880 3437 973 3492 crimi-
1026 3445 1152 3492 tenentur
1171 3441 1205 3494 de
1222 3441 1370 3512 syndicatu.
1391 3442 1474 3495 Paris.
1493 3443 1527 3495 de
1546 3444 1626 3498 Puteo
1643 3444 1677 3498 de
1692 3448 1839 3515 syndieotu

158 3545 222 3582 uum
237 3527 379 3598 inquisitio
392 3527 576 3596 injungeretur
607 3523 753 3578 cumoculi
773 3541 906 3594 uunquam
921 3540 974 3577 nou
1024 3519 1053 3573 in
1073 3524 1148 3576 vert.
1166 3523 1378 3597 negligentium.
1394 3537 1457 3580 t.u.
1472 3528 1625 3582 emenus.
1642 3529 1839 3587 b.dn.Bruun.

79 3629 119 3673 ιι
158 3617 217 3688 plus
243 3614 369 3678 uideant,
394 3631 473 3684 quarn
499 3613 610 3675 oculose
629 3610 776 3680 negandam
802 3619 888 3664 tamen
908 3607 975 3659 huuc
1022 3603 1280 3682 instruc-inquies.
1298 3623 1359 3664 ιιι.
1375 3613 1840 3682 tt·nbin.t2.notat,aolerebo·

155 3697 361 3768 quaestionem,
388 3707 416 3750 et
441 3697 625 3750 curiositatem
643 3697 723 3748 illum
748 3693 860 3765 privatis
884 3693 972 3746 neoti·
1024 3689 1068 3742 die
1081 3701 1171 3746 contra
1190 3693 1292 3760 jndices
1304 3694 1461 3762 inferiores,
1475 3697 1589 3752 erimina
1604 3699 1724 3770 publiea,
1737 3697 1842 3770 dequi-

127 3831 131 3840 ‚
154 3799 234 3852 poam
254 3779 478 3852 permittendam,
503 3779 599 3833 nedum
618 3777 808 3847 injungendam
826 3793 884 3830 esse
901 3777 975 3830 arbi·
1024 3769 1073 3824 bns
1091 3770 1161 3828 iama
1181 3775 1316 3846 publicata
1334 3788 1391 3844 eat,
1410 3780 1572 3848 investigare
1589 3783 1767 3850 negligentes,
1780 3803 1795 3836 a
1807 3779 1841 3834 li·

156 3877 227 3928 tror,
242 3875 314 3928 tum,
336 3882 369 3916 na
387 3863 484 3916 inutile
496 3862 563 3915 illud
578 3849 703 3915 ueritatis
716 3861 846 3926 studium,
859 3861 891 3913 ad
902 3862 973 3931 quod
1025 3857 1061 3908 sci
1075 3861 1291 3927 procuratoribus
1304 3863 1402 3918 demm
1416 3863 1602 3920 administrata
1617 3866 1718 3932 iustitia
1732 3865 1844 3919 lormari

143 3949 256 4008 ‚utinam
277 3947 354 4000 molti
375 3948 523 4002 mortalium
543 3945 609 4000 adro
622 3947 674 4014 jam
697 3953 751 3998 tutu
772 3945 854 4015 proni
867 3963 920 4000 nou
933 3963 976 4001 ea·
1025 3958 1192 4011 processum,
1206 3962 1316 4018 eosque,
1334 3947 1404 4017 quod
1419 3947 1513 4016 adjicit
1530 3948 1576 4000 dn.
1599 3950 1684 4002 Praes.
1698 3950 1727 4002 in
1741 3959 1840 4006 onnot.

157 4030 234 4086 aentl
255 4043 457 4103 promoveatur-3
477 4042 531 4084 tum
558 4047 591 4084 ne
616 4029 738 4102 pluribus
756 4029 881 4094 delictis,
900 4032 972 4084 calu·
1026 4023 1090 4077 idid.
1108 4028 1259 4097 priuatione
1276 4030 1473 4100 jurisdictionis
1483 4032 1519 4084 ob
1532 4033 1591 4099 eins
1609 4031 1719 4089 ebusum
1738 4035 1841 4103 puniri,

162 4114 248 4168 mniis
266 4117 380 4186 quippe,
400 4115 526 4185 falsisque
544 4113 843 4181 delationibus,aliisre
860 4113 977 4170 ieueatra
1027 4111 1170 4164 secundum
1187 4124 1274 4167 const.
1299 4115 1375 4168 erim.
1394 4124 1447 4170 ort.
1471 4127 1493 4170 t.
1512 4115 1570 4168 lmo
1590 4115 1658 4168 ttoet
1686 4116 1790 4170 tandem
1811 4121 1841 4176 in
1878 4126 1911 4170 Ν

83 4245 88 4258 .
162 4201 309 4271 aperiatur.
329 4203 413 4270 lttqoe
432 4199 483 4254 ltoe
500 4199 565 4255 adro
584 4216 674 4253 serum
693 4217 751 4254 esse
767 4209 888 4263 autumo,
900 4210 929 4252 ut
943 4216 977 4252 nc
1027 4194 1076 4246 bae
1094 4196 1147 4252 rita
1165 4217 1275 4270 poenam
1290 4200 1466 4268 negligentiae
1480 4215 1542 4254 atrae
1554 4217 1606 4253 non
1620 4202 1695 4255 luant
1707 4203 1843 4269 meritam,

159 4285 278 4339 ricinum
292 4281 399 4354 quidem
418 4283 452 4337 ad
471 4283 576 4337 istltane
593 4283 795 4354 inquisitionem
814 4294 841 4336 et
857 4283 977 4336 obsessa·
1028 4297 1116 4332 coram
1135 4297 1241 4337 susurrio
1253 4292 1340 4337 tarnen
1356 4283 1617 4347 Christitribunali,
1629 4283 1684 4337 uisi
1697 4285 1768 4340 serio
1781 4305 1844 4355 poe-

162 4371 262 4424 tiooem
283 4368 409 4422 laetorum
428 4367 509 4422 uicini
528 4367 685 4422 obstrictum
705 4379 803 4438 potem.
818 4365 890 4420 Licet
901 4367 976 4420 euim
1031 4364 1150 4430 niteant,
1162 4367 1282 4420 eamdem
1294 4370 1338 4420 sia
1351 4367 1497 4422 evitabunt.
1509 4367 1576 4420 Nam
1590 4367 1617 4421 si
1626 4369 1688 4440 quis
1705 4369 1733 4424 io
1753 4369 1845 4442 inqui·

160 4454 266 4506 sicinus
286 4454 352 4506 scire
370 4461 555 4525 praesumatur
573 4469 617 4516 ea,
634 4467 700 4521 quae
720 4452 748 4504 in
767 4451 865 4506 ricinia
876 4469 975 4520 perun·
1026 4447 1112 4499 tendo
1128 4449 1243 4504 crimine
1259 4450 1844 4524 pa'gerousoegta'gemcarcurecrumpmit.

155 4547 207 4592 tut·
222 4555 274 4608 per
289 4555 349 4606 cup.
369 4537 511 4608 quosdam·
538 4548 560 4590 t.
580 4546 607 4592 et
631 4554 693 4604 cop·
719 4548 834 4608 quanto.
853 4547 878 4590 ι.
895 4555 926 4590 oe.
944 4537 978 4590 da
1028 4529 1106 4583 dietis
1123 4531 1283 4588 criminibus
1301 4536 1375 4605 opud
1394 4537 1482 4589 Deum
1500 4552 1530 4588 se
1546 4536 1653 4590 nouerit
1677 4553 1735 4592 esse
1752 4539 1843 4607 purti-

155 4630 323 4692 -proesumpt-
342 4619 413 4672 unde
430 4630 458 4671 at
477 4621 588 4673 multum
609 4621 789 4676 testimonium
808 4621 890 4675 vieini
905 4620 978 4676 ‚laoe-
1028 4613 1130 4682 cipem,
1142 4616 1219 4688 cujus
1236 4620 1295 4674 celo
1309 4618 1348 4671 ud
1358 4619 1572 4686 perscrutandos
1583 4621 1720 4678 subtiliter
1731 4619 1848 4692 presumi

155 4726 190 4762 re
204 4707 317 4771 asserit,
333 4716 394 4778 post
415 4707 577 4776 Dornsperg.
596 4705 625 4760 in
643 4715 712 4778 synt.
727 4705 783 4776 jur.
802 4707 846 4760 tit.
869 4721 890 4762 t·
909 4725 933 4760 c.
952 4719 976 4760 t.
1028 4707 1138 4760 sceleris
1154 4723 1253 4762 causac
1271 4725 1328 4762 oon
1348 4719 1489 4772 movetur,
1509 4708 1585 4762 rerba
1608 4718 1672 4761 suut
1696 4727 1756 4764 oon.
1776 4709 1848 4764 sicut

160 4810 186 4845 m
212 4803 251 4844 tt.
272 4789 429 4856 Dn.'zirgl.
458 4789 490 4841 ad
513 4789 665 4844 lancellott.
684 4789 702 4844 l.
723 4801 746 4844 ι.
766 4790 807 4844 tit.
829 4804 870 4845 ιι.
889 4787 913 4863 ς.
934 4803 976 4845 ιι.
1028 4789 1124 4858 inquit.
1145 4800 1188 4843 ιι.
1202 4807 1272 4846 cous
1292 4801 1316 4844 ι.
1334 4811 1378 4863 qo.
1398 4803 1422 4845 t.
1441 4791 1523 4860 digua
1542 4808 1618 4856 saue,
1637 4807 1704 4861 quae
1721 4792 1847 4846 omuibus

77 2391 115 2437 ιι

161 4879 282 4932 Attamen
301 4875 366 4927 baec
383 4873 567 4944 praesumptio
592 4873 681 4926 eidem
707 4873 895 4928 necessitatem
922 4892 977 4930 nou
1029 4875 1231 4943 magistratuum
1250 4875 1373 4929 cordibus
1392 4875 1590 4946 imprimantur.

158 4961 279 5032 imponit
296 4955 471 5029 inquirendi,
489 4973 549 5010 cum
563 4972 613 5009 -eos
632 4957 800 5012 solummodo
817 4967 890 5010 actua
907 4959 979 5013 seire
1066 4957 1134 5011 Cum
1152 4971 1239 5012 autem
1259 4959 1359 5027 iudices
1376 4959 1457 5014 aliire
1482 4961 1648 5027 sucepistratus
1661 4959 1772 5027 saeptos
1792 4967 1846 5013 tant
1884 4985 1915 5027 2,

158 5051 341 5116 praesumatur
360 5041 480 5100 ricinus,
497 5037 531 5090 de
549 5038 647 5108 quibus
671 5037 740 5092 latua
759 5040 870 5110 ‚publiea
885 5050 932 5093 ‚est
949 5041 978 5092 iu
1030 5043 1113 5096 soriis
1131 5042 1250 5096 districti
1269 5044 1324 5096 sint
1343 5043 1474 5108 negotiis,
1493 5053 1523 5096 nt
1539 5042 1665 5095 omnibus
1683 5039 1846 5095 auilioieuter
1870 5077 1875 5094 .

156 5131 217 5182 loeo
229 5127 330 5180 ricino.
348 5124 446 5179 Tusrb.
460 5123 488 5176 in
500 5123 586 5176 corel.
604 5135 693 5194 praet.
712 5124 752 5177 tit·
771 5142 794 5180 s.
812 5123 900 5182 conci·
916 5134 975 5179 ιιι.
1029 5141 1149 5196 proeesse
1165 5139 1310 5198 nequeant,
1328 5127 1497 5198 prudentiam
1511 5129 1579 5197 sapit
1590 5128 1657 5180 illud
1670 5145 1847 5182 romanorum

157 5213 202 5264 rel
222 5211 266 5282 qui
287 5208 428 5262 successisi
442 5217 520 5270 snnt,
540 5224 593 5260 non
611 5208 656 5278 qui
676 5209 857 5262 momentanei
876 5219 904 5262 et
923 5225 979 5260 mo·
1032 5212 1199 5277 institutum,
1217 5230 1269 5282 quo
1287 5224 1372 5266 certas
1389 5215 1524 5280 elegerunt
1544 5229 1684 5283 personas,
1702 5213 1749 5284 qui
1760 5213 1792 5265 ab
1804 5213 1848 5264 in·

160 5307 250 5350 auento
262 5293 457 5364 expediunturs
474 5290 698 5362 quernatlmodum
712 5303 739 5344 et
751 5293 822 5345 circu
836 5292 895 5345 illos
908 5305 979 5348 actus
1033 5298 1120 5366 juncta
1134 5296 1201 5367 ipsis
1214 5295 1365 5350 curiositate
1381 5297 1480 5350 curiosi
1497 5295 1665 5361 dicebantur,
1678 5307 1758 5366 prout
1775 5297 1848 5350 dixi-

161 5378 392 5437 nonestiundata
411 5377 608 5448 praesumptio,
626 5377 671 5447 qui
692 5375 722 5428 in
739 5377 844 5430 occulto
861 5393 979 5430 eommo-
1030 5397 1088 5432 rous
1107 5394 1189 5446 sopra
1207 5379 1236 5433 iu
1256 5398 1314 5445 cup.
1337 5394 1361 5435 t·
1379 5382 1482 5436 llorutu
1502 5377 1623 5434 cilicium
1649 5379 1750 5452 duplex
1769 5393 1845 5437 erat:

160 5465 442 5527 niteradntituntur,
462 5479 484 5514 e.
503 5477 528 5530 g.
546 5471 698 5532 struprum,
717 5461 877 5514 adulterium
910 5463 977 5516 alia·
1031 5463 1328 5534 primunt,ntcursom
1349 5464 1485 5535 publicum
1505 5477 1640 5532 regerent.
1663 5464 1847 5534 illumquecu-

161 5571 215 5627 qne
231 5551 311 5619 hujus
330 5547 436 5618 penaria
453 5544 557 5600 delicta·
570 5543 702 5600 Maacard.
714 5543 746 5600 de
757 5545 865 5618 prodet.
878 5546 979 5602 colum.
1034 5556 1139 5612 rareot,
1159 5557 1236 5618 atque
1256 5548 1361 5603 ratione
1379 5549 1457 5617 hujus
1475 5547 1600 5602 eumdem
1619 5549 1702 5604 inisse
1718 5551 1783 5603 olim
1804 5567 1848 5606 cu-

158 5647 190 5692 .ι.
204 5636 292 5691 conci.
306 5643 367 5685 ιιι.
380 5649 407 5683 ιι.
425 5641 467 5682 ιι.
1036 5629 1135 5686 riosoru
1145 5667 1153 5698 ,
1165 5647 1241 5704 quem
1257 5647 1305 5684 uos
1318 5631 1473 5703 magistrum
1494 5641 1643 5702 postarum,
1658 5631 1709 5688 tien
1727 5643 1847 5705 postma-

292 5716 398 5790 scotti
417 5715 477 5773 rot.
495 5717 551 5772 111.
1583 5723 1618 5790 ιι,
