4404 6242
386 335 437 394 'alu
451 339 489 392 221
499 333 613 392 tutelam
628 331 693 407 engi
704 330 827 406 possint,
846 328 896 404 qni
911 327 997 384 striati
1010 330 1074 398 reip.
1088 329 1149 400 jam
1162 329 1206 383 in-

422 421 564 476 reruiuttl?
579 441 607 474 n.
622 431 663 472 ta.

386 508 510 576 Pradipn
525 526 562 560 an
578 518 690 560 curator
700 502 830 558 constitui
841 497 954 552 debeat?
965 516 994 550 n.
1010 508 1051 549 22.

386 589 437 642 Aa
447 607 547 643 manns
557 589 694 656 publicum
715 584 922 656 suscipiendum
943 592 1079 652 quatenns
1089 577 1151 651 quis
1164 595 1209 631 aa·

418 673 450 745 gt
460 670 573 741 parsit?
585 691 613 725 n.
628 682 670 725 22.
686 681 728 722 21.

390 756 494 825 Quibus
505 757 598 809 ltonar
609 754 733 810 maxime
742 747 948 823 conserendus?
961 765 990 800 n.
1005 756 1047 800 22.
1059 761 1133 818 seqq.

385 838 508 904 Consul,
522 839 570 909 qai
581 838 687 908 juravit
697 853 859 907 promouere
873 834 924 886 sal.
935 831 1008 901 puil.
1018 840 1115 896 postea
1127 828 1210 900 impe·

421 921 510 980 travit
520 922 678 992 mscnpsam
692 920 817 992 2211222212
832 929 934 973 eontra
947 915 999 972 sal.
1011 912 1190 986 patisaeera
1196 950 1206 980 ,

420 1005 523 1078 arefiat
532 1004 678 1078 periurus?
689 1023 717 1059 n.
732 1015 774 1058 22.

390 1091 512 1160 Quinam
526 1091 651 1145 1221212222
662 1109 678 1144 e
690 1107 747 1158 rep.
764 1089 888 1142 manime
902 1083 1049 1158 ejiciendi?
1060 1101 1087 1136 n.
1101 1095 1143 1136 21.

388 1173 506 1243 leprosi
520 1191 560 1228 un
578 1185 659 1229 extra
677 1175 772 1228 ariam
789 1171 1004 1228 commemorari
1021 1165 1164 1224 2121221211
1181 1183 1208 1218 n.

425 1267 469 1310 Η.
488 1270 529 1310 ii.

386 1346 436 1395 An
450 1341 525 1412 lepra
538 1341 672 1396 dissoluat
686 1340 918 1395 matrimonium?
928 1355 954 1390 n.
970 1349 1012 1390 ts.

384 1427 528 1482 Cadavera
548 1436 720 1481 mortuarum
746 1427 795 1480 att
815 1422 927 1495 sepeliri
949 1421 1141 1476 2121222212.
1165 1431 1208 1474 tt.

427 1524 469 1564 11.
490 1523 532 1565 19.

386 1596 513 1651 Mendici
525 1594 611 1651 ualidi
620 1613 659 1651 an
673 1595 701 1648 in
715 1612 770 1664 rep.
781 1591 942 1648 tolerandi?
955 1613 981 1646 n.
996 1604 1036 1645 21.
1049 1609 1121 1662 seqq.

388 1678 461 1746 Quiri
470 1679 502 1732 dr
512 1679 677 1750 pauperibus
687 1679 751 1734 uitio
764 1677 887 1748 eorporis
905 1673 1023 1747 afflictis
1040 1673 1208 1728 elinandum?

424 1780 452 1816 n.
467 1775 510 1815 61.

385 1848 435 1899 Aa
448 1846 593 1918 magistrat
611 1863 625 1899 s
642 1848 713 1900 eires
726 1846 765 1900 ad
780 1845 931 1900 subsidium
946 1844 1110 1914 pauperihus
1128 1861 1208 1914 prae·

419 1931 548 1984 standum
561 1931 721 1999 compellere
731 1931 842 1999 parsit?
855 1949 883 1982 n.
897 1941 939 1981 st.

389 2015 463 2082 Quid
474 2016 549 2070 eirca
563 2018 701 2070 aleatores
714 2017 748 2068 212
760 2031 782 2066 2.
795 2015 963 2084 2112212122.
977 2025 1019 2066 22.
1031 2029 1102 2085 seqq.

385 2101 462 2170 strip.
475 2101 651 2156 inservientes
667 2099 815 2173 privilegio
829 2100 949 2169 gandent
957 2137 966 2165 ,
980 2109 1006 2154 et
1023 2099 1162 2170 quinum?
1180 2115 1208 2152 rt.

425 2199 467 2240 oe.
485 2203 558 2258 seqq.

338 2361 348 2399 ¹
389 2297 480 2408 Salus
497 2355 568 2427 publ.
588 2374 647 2408 2212
667 2357 747 2409 multa
772 2357 866 2410 12212221
892 2355 1056 2425 singularia,
1074 2364 1101 2406 et
1120 2367 1149 2410 nt
1168 2356 1206 2410 lo-

384 2443 509 2512 quitari.
529 2441 567 2495 ita
587 2445 750 2496 vnlneratus
770 2454 809 2494 st.
830 2449 852 2503 5.
873 2442 919 2496 uit.
941 2445 1022 2493 trtrrlta
1054 2450 1144 2491 contra
1164 2455 1206 2489 ra·

389 2527 488 2577 tionem
510 2526 663 2596 disputandi
683 2543 730 2596 pro
747 2527 863 2579 utilitate
880 2527 1014 2578 communi
1035 2536 1139 2593 recepta
1153 2541 1209 2576 esse

391 2607 634 2660 innuimralriliius
654 2609 731 2661 rebus
756 2610 863 2677 probari
884 2609 988 2679 possit,
1009 2625 1116 2660 neeesse
1136 2608 1205 2670 suit,

390 2709 443 2742 nno
461 2693 550 2760 cupite
574 2693 666 2743 endem
692 2693 885 2757 quodammodo
911 2692 1072 2760 eomplecti,
1096 2699 1124 2742 et
1148 2691 1210 2742 hnic

387 2776 566 2845 praemittere.
591 2774 630 2826 Ne
654 2784 741 2826 2222222
768 2773 920 2826 methodum
947 2773 991 2827 1212
1016 2775 1065 2825 inni
1094 2774 1210 2826 maxime

391 2858 515 2910 usitatam
536 2858 686 2924 rregleaisse
705 2857 811 2920 ridear,
830 2857 1030 2922 subjiciendum
1052 2861 1080 2910 in
1101 2877 1210 2928 aequen-

391 2947 461 2998 tibus
481 2944 548 3008 erit,
569 2946 596 2995 in
616 2953 745 3013 quuntnrn
763 2943 832 2993 circa
853 2960 995 3013 personne,
1016 2961 1073 3008 res,
1088 2955 1113 2996 21
1127 2947 1209 2997 22112-

392 3047 438 3080 222
457 3046 501 3080 seu
515 3027 611 3094 judicia
632 3029 700 3078 salus
720 3027 826 3096 1221211222
841 3027 927 3079 uniat
939 3029 1105 3083 attendenda.
1117 3029 1150 3081 Et
1163 3031 1211 3082 lton

392 3113 498 3180 quidem
518 3122 595 3180 capnt
612 3113 653 3179 jus
672 3127 843 3180 personarum
864 3112 1059 3180 prrinslrabit,
1080 3115 1149 3182 qnod
1170 3117 1211 3182 ins

393 3211 446 3245 non
466 3205 566 3248 tantum
587 3193 614 3244 in
634 3195 724 3245 stricta
743 3211 789 3244 sna
809 3191 1007 3262 significatione
1025 3199 1137 3268 accipio,
1151 3219 1213 3267 ipra·

391 3288 468 3330 tenus
487 3277 590 3330 denotat
608 3274 805 3339 conditionem,
824 3279 856 3328 ad
881 3288 980 3332 21212212
1009 3282 1129 3334 1221211212
1148 3286 1212 3336 2121·

393 3360 446 3410 iem
474 3363 674 3428 pertinentem,
701 3363 735 3412 ob
759 3379 837 3431 qnmn
855 3364 916 3432 quia
939 3365 1044 3417 diuerso
1064 3369 1121 3432 iure
1140 3385 1209 3422 corn·

394 3445 470 3496 nunni
489 3446 586 3509 utitur,
605 3463 705 3515 quaeq:
726 3446 754 3497 in
774 3446 916 3513 libertate,
937 3449 1044 3503 21211222
1063 3465 1088 3504 22
1109 3452 1212 3508 12221112

394 3530 519 3580 2211212112
527 3547 537 3590 ,·
554 3540 580 3581 22
599 3528 740 3598 aliqnando
759 3531 853 3594 latins,
873 3549 920 3601 pro
939 3535 990 3585 ulia
1009 3551 1110 3604 ipsoque
1124 3538 1214 3590 cotidi-

396 3612 468 3663 tinne
487 3621 514 3664 21
531 3614 677 3682 qualitate,
698 3631 837 3683 personam
862 3618 1027 3672 extrinsecus
1055 3621 1211 3691 2111212212,

394 3713 472 3762 quiam
492 3697 621 3749 laxiorem
641 3715 815 3766 personarum
836 3703 1015 3772 acceptionem
1034 3707 1214 3762 2112212212-

394 3779 448 3831 str't.
468 3782 495 3831 12
516 3783 755 3835 22212212111221222Ι
778 3784 979 3854 deprehendere
999 3791 1066 3843 licet.
1088 3793 1213 3863 Pupillus

397 3865 471 3912 enim
492 3867 600 3933 proprie
616 3865 649 3915 ad
675 3877 773 3918 statum
799 3885 852 3920 2222
879 3873 1019 3938 pertinet,
1038 3892 1097 3924 unm
1128 3894 1214 3930 nona

395 3949 580 3999 crrrnmnnione
594 3951 671 4015 juris,
691 3950 853 4004 2211221222
872 3953 905 4004 ab
923 3953 1156 4012 administratione
1169 3961 1214 4015 bn-

396 4049 505 4094 norum,
524 4033 558 4084 ab
577 4033 724 4084 naturalem
743 4037 882 4104 quemdam
897 4036 1029 4092 deiectum
1049 4044 1214 4110 excludatur,

395 4118 576 4168 nihilominus
594 4131 678 4172 tamen
698 4117 730 4170 ed
750 4121 791 4187 jus
803 4137 974 4188 personarum
989 4123 1018 4176 in
1030 4125 1070 4177 112.
1084 4127 1218 4183 2122222112

397 4200 530 4266 retertur,
545 4201 597 4253 rid.
612 4203 761 4256 2222122122.
776 4217 801 4258 2.
815 4207 877 4272 apli.
893 4217 916 4256 2.

345 4291 357 4332 2
433 4286 525 4338 Primo
544 4287 628 4355 igitur
640 4289 758 4340 reoffert
776 4291 860 4359 patria
881 4301 1009 4360 potestas,
1027 4303 1117 4346 ortum
1138 4313 1215 4348 sunm

398 4373 506 4424 trahens
523 4388 557 4424 ex
575 4375 650 4440 justis
669 4374 786 4444 nuptiis,
805 4391 872 4444 quae
891 4377 1052 4447 principium
1067 4379 1217 4433 2222212121-

397 4457 449 4508 1122
467 4469 492 4510 22
512 4461 579 4528 reip.
599 4458 781 4512 seminarium.
795 4459 850 4514 Cir.
867 4462 886 4514 1.
910 4475 931 4514 2.
950 4464 984 4515 de
1002 4461 1053 4530 οΙ.
1066 4475 1091 4517 21
1103 4465 1217 4518 hunuano

399 4543 490 4611 generi
504 4543 726 4596 immortalitatem
739 4543 885 4600 artificiose
896 4544 1063 4600 introducere
1077 4549 1216 4618 ridentur,

350 4637 362 4678 t
401 4629 992 4700 2112221121·1121222212222212.22.122’.Ε2
1019 4631 1061 4685 1112
1084 4635 1156 4688 enirn
1183 4638 1216 4688 ti·

392 4715 768 4783 Ι12222221222·222222,2222
788 4715 973 4784 procreatione
993 4729 1116 4770 renoruta
1136 4735 1217 4787 gene·

398 4819 428 4852 ra
448 4809 570 4862 manent,
589 4799 660 4852 uude
679 4817 732 4852 non
753 4801 866 4854 minima
885 4801 915 4852 in
933 4818 1020 4871 remp.
1038 4801 1157 4866 22111122,
1175 4804 1216 4856 12-

398 4897 480 4938 122221
493 4888 566 4937 enim
587 4886 654 4955 reip.
669 4887 764 4938 liberis
783 4886 883 4956 repleri
897 4887 1032 4941 2121122222
1046 4889 1065 4939 1.
1082 4901 1105 4941 2.
1108 4887 1151 4957 Ι
1165 4893 1216 4944 221.

398 4981 480 5021 matr.
501 4971 638 5022 Rationem
666 4970 751 5024 reddit
776 4969 869 5024 Cicero
887 4971 904 5024 l.
927 4983 950 5023 2.
969 4969 1019 5040 aff
1040 4975 1151 5042 Neque,
1175 4977 1217 5028 in·

397 5057 511 5125 quiens,
530 5055 693 5110 valetudinis
711 5055 832 5116 curatio,
851 5073 936 5124 neque
954 5057 1110 5124 nauigatio,
1128 5077 1217 5130 neqrra

398 5143 582 5214 agricultura,
602 5139 842 5212 neqraesruotnum
858 5142 993 5212 perceptio
1006 5153 1031 5194 et
1043 5147 1215 5202 conservatio

350 5231 363 5270 ⁵
399 5229 460 5280 sine
478 5244 565 5294 opera
584 5227 725 5280 iarninam
739 5224 1156 5296 Ι[1221122221.(1221112122212112
1175 5231 1216 5281 di·

995 231 1184 290 nrsrnutr.
1204 231 1277 288 xer.
1295 232 1413 291 22222
1431 233 1480 288 nr.
1944 253 1987 318 dt

1258 338 1287 382 ut
1306 347 1337 382 eo
1356 329 1491 384 lubentius
1509 325 1688 397 procreationi
1706 345 1808 402 operam
1825 345 1910 392 222221
1925 341 2027 419 mutan,

1261 414 1360 468 Rornae
1379 413 1521 486 pririiegio
1541 415 1641 466 muniti
1661 414 1735 468 inere
1760 417 1833 470 trium
1856 419 1979 480 liberorum
1995 452 2028 503 p..

1261 507 1368 562 rentes,
1392 515 1444 568 qun
1470 498 1518 552 troc
1545 498 1654 552 nornine
1672 517 1686 552 2
1705 499 1782 552 tutela
1798 500 1874 554 delata
1892 523 1916 558 ae
1929 525 2028 571 22122212

1260 589 1377 648 possent
1396 597 1441 649 pr.
1449 580 1473 650 p'.
1485 583 1520 634 de
1538 597 1633 634 aucas.
1650 591 1700 636 2212.
1720 583 1772 652 Qui
1791 601 1902 638 nummus
1917 593 2030 649 etiamtia-

1261 661 1444 726 1122222221,
1463 681 1521 716 oum
1541 664 1667 719 omnibus
1681 665 1827 718 ciuitatibus
1841 671 1878 735 jas
1890 669 1988 728 civitatis
1998 697 2028 734 ro

1261 763 1354 800 manae
1372 747 1505 800 indultum
1521 750 1567 802 sit.
1586 749 1604 801 1.
1627 761 1667 802 11.
1676 747 1717 819 Ι
1731 751 1835 804 durrat.
1847 754 1912 809 11222.
1926 757 2029 818 1112211,

1259 834 1346 887 Strui.
1360 833 1472 903 p'rarispr.
1480 834 1544 905 sor.
1562 837 1581 888 1.
1607 848 1628 888 1.
1646 837 1687 888 111.
1707 848 1748 890 22.
1764 841 1787 905 5.
1807 853 1827 893 1.
1842 843 1941 894 Danuuio
1949 863 2030 918 quoqu,
2055 849 2064 889 1

1258 915 1397 970 duodecim
1409 919 1554 974 liberumm
1568 931 1638 990 pater
1648 919 1843 974 honoratissima
1856 935 2033 1002 munerumque

1260 1010 1285 1053 te
1299 1003 1414 1056 donatur
1427 1003 1456 1054 in
1469 1005 1487 1056 1.
1503 1014 1545 1055 22.
1557 1021 1580 1057 2.
1595 1005 1627 1057 212
1639 1003 1813 1059 decanatui
1825 1023 1950 1062 2212211112
1965 1016 2033 1066 1211·

1260 1086 1382 1141 berorum
1397 1088 1467 1158 patri
1485 1087 1617 1158 quondam
1633 1089 1813 1142 112222211222
1826 1093 2033 1152 contributiouibua

1258 1173 1291 1226 ab
1309 1173 1423 1226 electore
1442 1172 1639 1243 brandanburg.
1660 1173 1711 1228 init
1731 1191 1859 1229 concessa.
1878 1177 1946 1246 Quod
1964 1189 2033 1235 222222
2057 1202 2065 1242 1

1257 1257 1359 1327 gratiae
1376 1259 1510 1328 principis
1524 1263 1621 1327 magis,
1640 1275 1717 1327 qnam
1730 1260 1905 1314 observantior
1915 1263 2034 1328 1221222211

1257 1345 1387 1410 eiusmodi
1407 1344 1564 1397 immaturitas
1583 1360 1641 1397 raro
1655 1344 1734 1398 bodie
1752 1345 1896 1412 continget,
1913 1347 2036 1402 urlsrribru·

1258 1428 1322 1478 dnm
1350 1439 1422 1498 putat
1440 1429 1486 1480 dn.
1514 1431 1622 1480 trieres
1646 1428 1674 1482 t'rt
1698 1430 1783 1495 prael.
1807 1431 1927 1498 perdide
1946 1449 1998 1486 21222.
2018 1445 2037 1488 21

1256 1525 1348 1564 eacus.
1369 1513 1428 1582 Quo
1452 1513 1535 1563 etiam
1557 1512 1641 1565 tendit
1659 1507 1775 1564 edictum
1796 1513 1911 1584 Philippi
1928 1517 1967 1569 Vi.
1983 1518 2036 1587 regis

1258 1594 1433 1660 Hispaniae,
1453 1595 1477 1648 vi
1503 1596 1577 1663 citius
1602 1611 1712 1648 uxorem
1737 1597 1879 1663 ducentes,
1898 1609 1922 1652 et
1936 1599 2038 1668 quiden,

1260 1689 1300 1730 22.
1318 1680 1413 1732 2212112
1440 1695 1525 1742 2222,
1552 1689 1664 1747 quatuor
1683 1699 1697 1732 a
1717 1681 1820 1750 nuptiis
1845 1682 1918 1733 anuis
1937 1683 1966 1734 ab
1983 1685 2039 1737 onai

1257 1780 1338 1815 onere
1359 1764 1493 1814 immunes
1521 1773 1629 1825 esseutr
1646 1775 1685 1826 21,
1710 1765 1757 1833 qni
1782 1780 1829 1816 sex
1848 1767 1965 1818 masculos
1981 1767 2041 1818 212221

1257 1849 1375 1901 virenter
1394 1859 1565 1920 procrearet,
1586 1850 1610 1901 is
1630 1867 1678 1919 per
1697 1859 1781 1902 totum
1802 1853 1869 1904 ritae
1892 1861 1982 1921 tempus
2000 1855 2039 1904 in·

1257 1936 1384 1987 munitat-¹.
1404 1935 1542 2003 gatrdcret,
1562 1935 1700 1986 ereetteur.
1713 1935 1758 1987 dn.
1771 1934 1891 1986 11222222.
1904 1934 1930 1986 in
1943 1935 2038 1988 metuat

1255 2019 1333 2088 polit.
1351 2019 1416 2072 21122.
1436 2031 1459 2072 2.
1481 2021 1517 2072 ti.
1540 2030 1563 2072 1.
1582 2021 1668 2071 liora.
1689 2019 1748 2071 arla.
1767 2019 1883 2082 1221122.
1902 2029 1924 2071 2.
1941 2019 1973 2070 rt.
1989 2031 2008 2070 2.
2022 2017 2040 2088 5.

1260 2113 1284 2154 2.
1296 2103 1374 2156 Unde
1386 2114 1414 2155 et
1426 2119 1505 2172 porro
1520 2111 1576 2164 est,
1589 2102 1657 2172 qnod
1672 2113 1750 2171 neget
1769 2105 1811 2155 lea
1832 2102 1915 2171 regia,
1932 2105 2041 2156 mulieren
2064 2117 2071 2156 t

1256 2201 1324 2253 qnae
1342 2201 1488 2255 praegnans
1509 2195 1627 2248 mortun,
1649 2186 1768 2248 humari,
1787 2197 1921 2254 antequam
1939 2186 1960 2237 ei
1977 2197 2043 2254 partus

1259 2272 1395 2326 excidatur
1414 2275 1433 2325 l.
1452 2285 1474 2326 2.
1485 2273 1527 2342 Ιῖ
1547 2275 1580 2326 212
1599 2291 1667 2326 mor.
1687 2273 1769 2342 inser.
1787 2282 1814 2326 et
1835 2274 1958 2326 foeminae
1978 2273 2042 2342 grati·

1257 2355 1305 2408 dae
1324 2356 1464 2410 ‹lamnatae
1483 2357 1648 2426 supplicium
1669 2357 1772 2410 differri
1792 2356 1890 2420 debet,
1910 2357 2042 2424 usquedum

1259 2441 1363 2510 peperit
1383 2442 1400 2491 l.
1423 2455 1445 2493 2.
1456 2441 1498 2510 Ι.
1518 2443 1550 2496 212
1567 2461 1649 2512 paea.
1677 2443 1714 2494 Aa
1740 2443 1770 2494 ln
1798 2459 1906 2510 genere,
1931 2443 1975 2494 122.
1995 2443 2043 2510 reip.

1259 2525 1352 2585 utilis,
1373 2525 1472 2574 22122112
1494 2527 1551 2575 2211.
1571 2525 1747 2594 procreandae
1766 2542 1844 2577 22222
1864 2533 1932 2590 tata,
1950 2525 2045 2592 adjurat·

1260 2606 1291 2658 212
1312 2607 1544 2676 interpretatione.
1564 2611 1580 2660 l.
1599 2611 1654 2661 liae
1672 2609 1752 2662 murlo
1783 2619 1825 2662 21.
1840 2607 1881 2677 Ι.
1904 2609 2045 2664 decondet

1262 2690 1412 2744 demonstr.

1297 2774 1371 2827 Patet
1392 2773 1472 2835 inde,
1490 2772 1518 2825 in
1540 2783 1660 2844 respectu
1680 2774 1712 2828 ad
1732 2777 1866 2848 rempubl.
1879 2793 1929 2828 non
1947 2787 1991 2828 tan
2003 2773 2046 2825 212-
2069 2772 2087 2811 ¹⁰

1261 2858 1379 2928 ptionem
1393 2877 1469 2928 quarn
1484 2859 1611 2910 secundas
1625 2857 1732 2930 nuptias
1751 2879 1810 2912 esse
1828 2861 1995 2914 admittendas.
2007 2857 2048 2908 Etr·

1262 2959 1319 2993 nrm
1339 2941 1376 2994 uti
1397 2941 1466 3010 apud
1492 2957 1583 2992 omnes
1602 2941 1657 2993 1222
1678 2943 1810 2998 2111212222
1834 2953 1923 3013 gentes
1947 2943 2017 2994 honor
2030 2949 2050 2990 et

1261 3025 1443 3095 praerogatiua
1462 3023 1588 3092 quaedam
1607 3025 1704 3096 primis
1723 3027 1830 3099 nuptiis
1850 3023 2050 3080 1212122211.

1263 3109 1313 3161 huo
1334 3109 1444 3162 laodien
1465 3108 1620 3171 Brabantis,
1642 3110 1761 3162 Stookm.
1782 3112 1816 3164 212
1831 3111 1885 3180 jur.
1903 3109 1979 3162 212221.
1996 3125 2014 3160 2.
2033 3121 2049 3158 1.

1262 3209 1289 3244 n.
1312 3205 1332 3244 1.
1353 3193 1389 3243 112
1410 3192 1529 3244 maxime
1553 3192 1664 3246 odiosae
1687 3196 1823 3249 secundae
1848 3195 1953 3265 nuptiae
1968 3193 1992 3242 lo
2007 3194 2050 3258 jure

1261 3287 1389 3346 apparent
1407 3285 1434 3328 21
1454 3275 1540 3328 variae
1552 3293 1584 3329 eo
1597 3279 1705 3329 nomine
1723 3278 1876 3350 propositae
1895 3287 2052 3346 2221222122.

1262 3370 1289 3412 ut
1307 3375 1338 3412 er
1358 3361 1397 3414 111,
1416 3377 1438 3413 2.
1457 3359 1490 3412 212
1507 3361 1617 3412 secund.
1642 3371 1720 3430 nupt.
1747 3363 1841 3414 ridere
1862 3371 1922 3426 eat,
1940 3372 1964 3412 et
1980 3359 2054 3410 221212

1263 3457 1386 3516 apparet,
1404 3446 1472 3516 quod
1492 3447 1637 3515 imperator
1656 3447 1740 3515 legem
1761 3450 1911 3502 Miscellarn
1924 3447 2054 3517 (1122121212

1263 3529 1361 3597 adjectu
1381 3529 1513 3582 cortiiitiu:
1534 3528 1557 3580 si
1577 3529 1605 3579 in
1626 3527 1756 3582 uiduitate
1775 3519 1951 3599 permanserit
1967 3528 2054 3585 22121121,

1264 3614 1440 3685 probabatur)
1459 3615 1486 3664 in
1506 3614 1524 3664 1.
1544 3623 1566 3664 t.
1586 3630 1609 3666 c.
1628 3613 1661 3666 tie
1679 3613 1777 3665 indict.
1797 3615 1895 3670 viduit.
1912 3614 2053 3679 airtogatam,

1264 3698 1297 3750 ad
1311 3699 1468 3750 coercendus
1487 3695 1534 3748 1222
1552 3698 1657 3764 nuptias
1671 3697 1699 3748 in
1714 3715 1792 3750 usunr
1814 3703 1911 3752 iteruin
1925 3695 2057 3751 saturareris

1264 3783 1292 3834 in
1308 3799 1368 3834 nau.
1391 3793 1432 3832 22.
1451 3799 1474 3833 2.
1494 3791 1535 3830 22.
1556 3779 1672 3833 Proinde
1689 3791 1717 3834 et
1735 3781 1885 3852 imperator
1906 3783 1953 3835 Leo
1969 3783 1994 3834 in
2010 3799 2057 3832 naa.
2082 3777 2097 3820 ΙΙ

1265 3877 1307 3918 tn.
1329 3865 1512 3934 turpissimam
1538 3875 1612 3917 rorat
1638 3866 1860 3919 imbecillitatem
1885 3869 1916 3919 ad
1943 3867 2059 3920 secundun

1266 3951 1464 4002 matrimonium
1490 3949 1658 4019 procedere,
1685 3952 1739 4004 imo
1764 3953 1836 4004 222221
1863 3969 1951 4004 eunom
1982 3965 2059 4022 12222122

1263 4036 1375 4090 obnoxii
1403 4035 1567 4098 redduntur,
1585 4035 1630 4103 qni
1650 4033 1682 4084 nd
1703 4037 1815 4090 tertium
1837 4053 2003 4108 prorumpere
2022 4050 2060 4085 nou

1264 4123 1396 4176 dubitant.
1411 4121 1442 4175 Et
1455 4121 1613 4174 Charondae
1629 4120 1672 4172 122
1693 4121 1742 4173 hoc
1760 4137 1825 4175 casn
1844 4125 1928 4184 21222,
1941 4141 1987 4192 qua
2000 4119 2059 4180 satit,
2085 4105 2101 4150 ¹²

1266 4210 1353 4261 neoni
1368 4207 1478 4268 1122222,
1498 4205 1591 4256 liberis
1608 4221 1641 4257 ex
1660 4205 1746 4275 priori
1766 4209 1943 4262 matrimonio
1960 4203 2061 4274 sumptis

1267 4307 1401 4344 novercam
1421 4290 1645 4360 2212221211222221
1665 4292 1710 4357 qui
1730 4301 1826 4344 eontra
1845 4291 1971 4356 12212221,
1990 4291 2012 4342 21
2031 4301 2063 4339 ne·

1265 4395 1315 4447 que
1333 4379 1365 4428 ad
1385 4376 1498 4428 honores
1516 4376 1544 4426 12
1564 4391 1619 4445 rep.
1638 4376 1782 4442 gerendos,
1799 4381 1931 4447 nequead
1944 4375 2062 4429 castritium

1266 4461 1338 4532 pnbl.
1355 4477 1469 4530 unquam
1495 4468 1598 4528 pateret
1620 4459 1719 4510 aditus.
1738 4459 1796 4511 rid.
1816 4463 2063 4516 hirimannum.

1266 4547 1298 4598 212
1316 4541 1485 4606 clamanda,
1504 4561 1575 4613 quae
1589 4541 1777 4611 praemittitur
1801 4558 1951 4601 comment.
1969 4547 2003 4598 ad
2015 4545 2062 4595 inst.

1267 4631 1406 4699 Nunquam
1430 4626 1505 4679 enirn
1531 4625 1587 4679 inre
1605 4629 1628 4678 is
1647 4627 1825 4696 aestimabat,
1846 4631 1990 4686 1211222212
2012 4627 2062 4696 reip.

1266 4713 1340 4764 daret
1351 4709 1510 4773 eonsilium,
1528 4710 1574 4780 qni
1592 4709 1687 4762 liberis
1698 4725 1730 4763 es
1743 4727 1771 4764 se
1785 4715 1857 4767 uatis
1870 4731 2004 4785 perperam
2016 4725 2063 4764 eau-

1267 4803 1400 4853 enituisset.
1418 4796 1497 4850 Diod.
1519 4798 1602 4850 Sicui.
1620 4797 1639 4849 1.
1662 4807 1701 4850 tt.
1721 4816 1743 4851 2.
1767 4811 1808 4852 11.
1824 4803 1927 4854 i'erum
1940 4803 2063 4854 enimuero
2088 4811 2104 4855 11

1267 4903 1318 4938 uon
1333 4882 1493 4954 simpliciter
1506 4881 1616 4933 odiosae
1634 4888 1697 4932 2222
1715 4881 1764 4934 hae
1782 4885 1910 4954 nuptiae,
1925 4887 1968 4939 aed
1983 4896 2064 4938 1221222

1266 4972 1366 5023 ratione
1383 4969 1526 5020 liberorum
1546 4963 1646 5033 prioris
1671 4967 1858 5032 matrimonii,
1879 4971 1992 5039 adeoque
2008 4968 2031 5017 in
2045 4979 2066 5016 ss

1267 5056 1399 5127 potinsob
1414 5053 1557 5106 utilitatem
1578 5052 1645 5120 reip.
1663 5050 1832 5106 favorabiles.
1851 5057 1888 5110 Er
1908 5057 1937 5109 id
1956 5055 2029 5124 tnagis
2043 5069 2066 5104 ea

1267 5141 1389 5194 homines
1407 5137 1543 5191 alliciendi
1563 5145 1624 5188 aurit
1643 5135 1676 5186 ad
1695 5137 1825 5190 secundas
1851 5141 1960 5210 nuptias
1980 5149 2065 5193 eontra·

1265 5227 1380 5288 neotus,
1398 5217 1758 5291 animumanimum.
1777 5221 1927 5278 Brunnem.
1948 5227 1984 5278 ad
1999 5223 2015 5275 1.
2037 5233 2066 5271 12.

398 5333 450 5382 ,222
465 5323 526 5366 sunt
543 5313 620 5366 rerba
640 5313 666 5364 d.
687 5310 817 5362 lladriani
837 5311 866 5361 in
885 5310 903 5360 1.
927 5321 949 5362 t.
969 5317 988 5372 §-
1011 5322 1032 5362 s.
1042 5310 1083 5381 Ι
1100 5312 1134 5365 212
1152 5313 1216 5368 ion.
1256 5307 1296 5380 ff
1316 5311 1348 5362 212
1366 5309 1458 5372 adopt.
1479 5323 1506 5358 a.
1526 5318 1551 5357 2.
1571 5305 1660 5374 Quare
1678 5315 1705 5356 et
1724 5307 1859 5372 2122222211
1883 5309 2000 5378 legibus,
2016 5323 2067 5377 qiua

401 5399 525 5449 2121222222.
543 5412 573 5450 22
591 5395 735 5463 imperinm
760 5392 903 5446 laaminum
930 5392 1085 5461 adjectione
1107 5397 1213 5465 magis,

399 5501 483 5552 qnam
500 5481 679 5550 pecuniarum
699 5478 782 5550 eopia
801 5479 931 5546 ampliari
948 5480 1038 5531 maile.
1057 5481 1128 5532 11122
1142 5494 1166 5533 21
1182 5481 1214 5533 li·

401 5564 480 5618 beros
499 5564 611 5638 reipubl.
632 5565 734 5636 2221112,
760 5581 838 5634 qnam
864 5561 1018 5632 parentibus
1043 5565 1114 5616 nasci
1141 5575 1216 5621 notat

350 5663 364 5702 2
401 5649 500 5706 1122121.
514 5651 552 5704 ad
564 5651 582 5702 1.
599 5665 622 5703 t.
635 5647 658 5720 5.
676 5661 714 5702 11.
719 5647 759 5718 Ιζ
774 5648 808 5701 sle
819 5661 902 5703 aenrr.
915 5647 944 5702 in
955 5665 1030 5720 pass.
1045 5649 1112 5702 mitt.
1127 5651 1217 5720 Quare

1264 5391 1445 5448 conditionem
1465 5389 1535 5441 circa
1552 5388 1660 5458 nuptias
1678 5387 1844 5457 admittunt,
1861 5395 1921 5460 iure
1938 5411 2023 5458 canon,
2034 5391 2066 5444 de·

1267 5489 1386 5547 rogatum
1407 5477 1462 5528 rnlt
1479 5474 1579 5545 cephal.
1597 5489 1632 5526 ne
1649 5472 1703 5524 uilo
1722 5474 1800 5528 modo
1820 5483 1987 5536 matrimonii
2004 5480 2067 5531 11211.

1267 5575 1306 5618 222
1319 5561 1484 5633 impediatur
1495 5573 1571 5612 rans.
1587 5568 1648 5610 222.
1661 5573 1689 5607 n.
1705 5567 1746 5608 22.

1304 5647 1345 5700 ΕΙ
1362 5647 1459 5717 quibus
1484 5641 1596 5713 patescit
1622 5657 1722 5712 porro,
1747 5643 1812 5712 quid
1832 5646 1868 5702 212
1887 5652 2033 5714 ωριῐῡηη,
2048 5653 2068 5697 ,t
2093 5645 2110 5690 12
