4282 6274
26 215 36 270 t

28 312 45 355 s

29 377 42 436 t

22 481 41 528 2

199 192 265 265 aas
611 185 817 242 successus
835 188 1076 258 suntcrnucs,
1095 193 1281 251 2222222222
1297 211 1359 254 ne.
1706 203 1775 262 ..22

136 298 262 346 reparant
281 289 322 345 ael
343 287 405 359 ipse
423 287 565 358 princeps:
577 281 643 332 2212
658 278 782 350 principe
801 281 832 336 sd
847 281 875 333 id
889 301 965 354 peco-
1016 295 1059 338 st.
1076 287 1176 340 confer.
1193 292 1274 344 Vent-
1290 291 1326 346 tle
1344 290 1434 348 aava.
1451 291 1527 348 mir·
1551 303 1579 348 2.
1601 303 1677 362 east.
1699 307 1729 352 a
1752 299 1827 368 pacit,

136 377 248 428 liariter
266 373 406 426 coostitoti
420 389 448 426 ac
462 366 630 426 subordinati
644 366 826 434 magistratum
841 368 869 418 bi
883 385 964 440 aeque
1014 370 1086 422 mod.
1104 373 1171 426 null.
1190 373 1218 426 in
1234 373 1295 443 iad.
1312 391 1430 444 prepete.
1449 395 1468 430 a
1487 395 1516 434 n.
1534 389 1561 430 s.
1578 379 1617 434 a
1633 397 1661 434 e.
1682 392 1725 434 22.
1737 393 1765 438 es
1781 385 1827 440 ab

134 459 221 511 etism
233 475 261 510 ac
275 459 320 510 ille
334 456 439 509 modurn
456 455 483 506 in
496 449 607 521 judiciis
622 447 785 518 procedendi
798 469 894 518 ponere
906 471 963 522 pos.

21 569 39 602 a,
137 552 213 596 sont.
231 541 271 594 Ex
288 559 341 611 qao
360 555 430 593 2222
449 533 627 607 aequitania
647 535 706 598 ejus
731 535 962 588 constitutionibus

134 642 250 678 omnem
270 641 421 694 processum
441 619 562 680 lundari;
584 637 597 670 a
616 635 667 685 quo
688 615 745 686 ipse
759 635 896 684 processus
910 619 964 673 lor·

136 721 228 764 rantur
246 718 324 778 atque
339 709 467 776 judicium
486 705 634 758 ordinator.
654 699 706 752 Eae
724 718 784 754 sero
797 703 962 757 constitutio·

133 809 198 858 nes,
219 795 261 848 rel
279 793 322 846 siu
342 792 439 853 maris,
458 787 644 843 ordinationes
662 785 729 836 aliae
748 794 810 838 sunt
828 785 962 839 uniuersa·

23 911 34 938 a
135 878 191 941 les,
209 895 277 947 qnae
296 895 309 930 s
330 877 454 946 principe
471 873 591 926 omnium
612 871 640 920 iu
660 867 763 938 republ.
780 885 824 920 sua
850 869 962 936 judicio-

1013 452 1065 522 leg.
1083 473 1102 506 o
1122 451 1168 506 dn.
1186 453 1324 510 Bratanern
1342 475 1383 524 pr.
1403 459 1459 512 rie·
1475 479 1501 516 e.
1520 473 1563 516 ts.
1578 480 1609 514 n.
1630 477 1727 520 tems
1741 471 1831 528 222222,

1012 535 1123 588 exercit.
1145 548 1188 590 sa·
1207 541 1246 589 tls.
1269 552 1310 591 ts.
1327 541 1365 594 its
1382 547 1454 612 qnod
1474 545 1548 600 idern
1568 547 1759 616 peuatpatnu
1783 571 1831 624 pse

1012 619 1213 687 appellationem
1234 623 1367 676 introduci
1387 630 1489 696 possit,
1502 631 1605 684 22222222
1621 634 1833 700 jactavimus·

1013 711 1055 754 tur
1072 720 1131 755 esse
1148 716 1374 760 consentaneum:
1394 711 1440 764 sed
1454 713 1542 782 potins
1554 731 1586 768 es
1601 733 1694 772 errore
1704 721 1831 788 22222..

1013 785 1189 840 otiatiacirca
1208 806 1360 860 processum
1373 797 1457 864 plura,
1472 809 1671 866 receptu-tmen
1682 803 1835 862 1222222221

1011 872 1079 922 11222.
1087 889 1115 938 p.
1131 882 1155 923 2.
1165 876 1189 926 d.
1204 885 1264 928 222.
1275 896 1303 930 n.
1316 888 1340 930 t.
1353 879 1424 932 22222.
1441 883 1458 934 t.
1473 894 1496 934 2.
1510 885 1544 936 de
1555 897 1624 938 sent.
1638 897 1664 940 et
1677 887 1829 948 interleent.

134 977 202 1016 runs
222 961 346 1032 praeside
366 958 501 1012 commoni
517 954 667 1028 propositae
679 966 738 1006 suut
749 970 809 1005 enm
825 955 853 1006 in
867 953 960 1022 finem,

1013 968 1039 1007 22
1050 957 1071 1008 l.
1093 969 1115 1008 t.
1133 975 1157 1010 c·
1175 962 1286 1026 quondo
1299 981 1375 1029 prop,
1387 983 1444 1020 m
1459 979 1498 1018 m
1511 985 1597 1022 mn,
1610 971 1696 1040 Qu„
1708 991 1757 1035 ,u
1769 973 1834 1034 pm

132 1057 168 1099 nt
187 1045 331 1098 secundnm
357 1063 400 1098 aas
419 1045 446 1096 in
466 1043 577 1112 judiciis
591 1039 756 1110 procedatur:
769 1039 836 1094 alise
849 1043 964 1112 particu-

1012 1053 1098 1096 nsttun
1120 1039 1202 1094 luisse
1221 1055 1347 1108 autumo,
1367 1049 1454 1115 qood,
1473 1061 1610 1122 postqrtans
1629 1072 1678 1107 osu
1698 1055 1749 1112 insi
1775 1079 1835 1130 pu·

134 1130 210 1182 lares
226 1148 292 1198 quse
312 1147 359 1182 too
381 1146 517 1198 equoque
538 1127 694 1194 magistratu
714 1125 840 1177 inferiori
865 1127 964 1192 judicio
1010 1125 1061 1174 sim
1081 1135 1107 1176 et
1127 1124 1299 1191 itutistincte,
1318 1140 1409 1182 contra
1431 1143 1528 1186 textum
1548 1133 1577 1186 ia
1596 1137 1615 1186 l.
1639 1138 1667 1190 in
1692 1143 1834 1199 sententiis

133 1229 187 1284 pro
206 1214 293 1282 regola
311 1229 342 1264 ac
364 1229 456 1266 norma
469 1211 566 1280 agendi
581 1208 756 1279 praescriptae
770 1221 839 1262 stant.
851 1209 963 1262 Uoirer·
1012 1218 1054 1257 22.
1072 1204 1096 1278 ᾗ.
1106 1207 1163 1274 ſsa.
1175 1207 1216 1275 ff.
1235 1210 1269 1264 de
1287 1227 1315 1265 re
1330 1212 1387 1278 iud.
1403 1211 1498 1280 (unice
1511 1215 1612 1270 fortean
1627 1221 1715 1274 babila
1731 1227 1833 1280 retiam

133 1300 209 1352 seles
224 1315 287 1354 sero
306 1299 366 1352 21122
385 1299 413 1350 itt
432 1295 559 1350 omullurs
579 1293 689 1361 judiciis
704 1291 876 1346 ittierloribas
890 1295 961 1347 salo·
1007 1290 1074 1360 tegis
1092 1295 1233 1347 absentem
1252 1309 1276 1348 e.
1294 1314 1316 1348 2.
1345 1299 1379 1350 de
1402 1309 1522 1352 22222222.
1550 1321 1615 1372 quae
1643 1315 1730 1360 tamen
1758 1313 1829 1366 intra

134 1401 198 1436 rem
217 1401 349 1454 peraeque
368 1381 502 1443 obtineut;
522 1388 549 1432 22
569 1378 603 1429 ad
622 1375 729 1428 illarum
748 1379 904 1430 sententiam
920 1378 959 1429 in·
1008 1377 1140 1429 cancellos
1158 1377 1340 1432 criminalium
1361 1381 1396 1432 ob
1415 1381 1541 1438 damnum
1568 1387 1743 1456 irreparabite
1768 1393 1832 1448 tna„

131 1466 271 1521 seriorum
297 1467 482 1520 ordinationes
513 1459 682 1514 deliuiendue
711 1469 737 1512 et
764 1461 961 1530 corttponendae
1008 1475 1144 1527 emergens
1163 1462 1832 1534 coaretatur)obtinuet·it;utsiremediumillati

133 1561 210 1614 sont,
228 1551 284 1603 nisi
299 1548 506 1624 particularibus
520 1545 594 1598 bisce
606 1543 756 1614 principem
772 1545 899 1612 derogare
912 1564 960 1600 no·
1009 1560 1054 1612 per
1075 1543 1180 1596 muttum
1200 1549 1319 1616 querelae
1339 1549 1504 1615 intentetur,
1531 1552 1610 1618 juder
1637 1561 1825 1626 appetimini,

131 1634 221 1686 luisse
243 1650 370 1704 expresse
387 1643 498 1686 22222222.
517 1631 582 1684 Cura
604 1630 660 1680 illis
678 1637 763 1680 autem
779 1629 892 1680 unirers.
907 1647 958 1681 nnn
1007 1631 1218 1695 supernuttitate
1232 1633 1418 1703 principaliter
1433 1637 1612 1702 ccgttcecends
1628 1641 1744 1706 adeatur,
1757 1646 1830 1702 ffitt,

133 1718 341 1772 molundendae
359 1727 439 1770 erttnt
458 1715 643 1768 ordinationes
657 1729 838 1782 supremorum
852 1711 962 1780 judicio·
1007 1711 1053 1764 tit.
1076 1724 1098 1763 t.
1116 1716 1174 1767 ols.
1198 1728 1253 1768 222.
1273 1735 1299 1768 a.
1316 1728 1340 1766 2.
1354 1717 1417 1769 bine
1432 1719 1544 1786 perinde
1557 1720 1698 1788 dtrxerint,
1712 1729 1768 1782 aive
1782 1749 1829 1801 p„

133 1819 206 1868 222222,
226 1803 399 1872 2212222221)
420 1800 597 1856 interioribus
622 1795 681 1852 lieri
706 1800 772 1850 solet
797 1798 962 1868 provocatio,
1008 1797 1116 1850 modurn
1133 1802 1276 1870 22222122,
1297 1801 1350 1854 2222
1368 1804 1559 1872 appellationis
1585 1808 1691 1860 nulline
1717 1811 1829 1868 alatum.

135 1893 229 1964 qnates
243 1891 329 1945 soceri
344 1892 427 1943 solent
443 1890 485 1942 die
496 1884 962 1954 Hoffmann-oderappellatione·
1008 1889 1096 1952 retur,
1117 1901 1176 1938 cum
1197 1901 1286 1938 curem
1304 1885 1397 1939 eodem
1416 1887 1503 1952 ,221222
1519 1892 1600 1943 222221
1612 1893 1638 1942 id
1653 1890 1713 1946 lieri
1724 1915 1834 1954 consus·

134 1977 308 2042 ordnuwu.
324 1975 382 2024 11222
394 1974 466 2026 enirn
483 1973 543 2024 licet
557 1991 570 2024 a
583 1970 704 2040 principe
713 1969 960 2039 supretooomniom
1011 1965 1088 2018 terit·
1561 2032 1574 2052 ο

134 2058 228 2128 judice
244 2059 377 2122 orianturg
398 2074 456 2108 com
478 2067 564 2108 temen
579 2071 610 2106 ex
624 2056 681 2122 ejus
696 2055 826 2106 volontate
839 2071 890 2106 nnn
903 2055 962 2106 uni·
1041 2050 1064 2114 §·
1087 2061 1130 2104 22.
1150 2054 1249 2105 Verona
1269 2054 1333 2108 licet
1357 2057 1500 2128 appellatio
1512 2059 1546 2110 c'o
1559 2061 1708 2116 22112222222
1725 2064 1760 2116 ita
1772 2085 1834 2122 rap.

137 2147 279 2198 sersaliter
309 2143 464 2196 laenitatem
495 2137 633 2208 obligandi
664 2138 793 2200 babesttts
819 2137 851 2189 sd
870 2155 959 2190 esrum
1005 2142 1043 2184 tra
1056 2135 1123 2201 juris
1138 2139 1268 2190 rationem
1289 2140 1474 2208 principaliter
1494 2143 1644 2199 introducta
1664 2150 1829 2218 recipiatur,

132 2247 246 2302 quoque
259 2229 450 2302 praescriptum
466 2226 640 2295 particulares
653 2226 721 2276 istae
731 2241 816 2292 neque
828 2227 960 2292 componi,
1003 2233 1050 2283 per
1061 2235 1119 2271 caru
1134 2230 1220 2274 tannen
1235 2240 1287 2274 nco
1300 2222 1551 2290 «recalcitramus,
1564 2247 1631 2297 quae
1643 2233 1671 2284 iu
1694 2250 1722 2284 22
1737 2247 1761 2286 22
1774 2236 1833 2304 ipso

134 2333 223 2384 neque
242 2313 402 2382 compositae
419 2312 517 2380 corrigi
538 2330 567 2364 ae
587 2308 727 2362 reformari
748 2310 899 2362 necessario
918 2311 961 2364 de·
1004 2303 1060 2366 iure
1074 2307 1145 2356 ttolla
1158 2315 1208 2371 est,
1223 2324 1270 2358 uec
1283 2326 1421 2377 processus
1434 2312 1602 2378 appellatorii
1617 2315 1758 2370 2122222222
1774 2339 1832 2389 erp.

134 2401 212 2466 beni,
233 2400 285 2452 nisi
307 2399 356 2450 boc
376 2397 658 2468 principemrolnisse
673 2394 815 2448 manifesto
826 2405 960 2465 appareat,
1007 2385 1025 2435 i·
1039 2387 1064 2438 si
1076 2409 1136 2444 cota
1148 2389 1222 2442 inter
1234 2402 1258 2443 te
1274 2405 1296 2444 2.
1310 2411 1334 2446 2.
1347 2396 1458 2464 petunda
1477 2413 1630 2461 provocor.
1650 2419 1707 2454 222
1720 2415 1760 2455 est
1773 2423 1831 2461 aaa.

134 2486 209 2540 Hinc
226 2483 410 2554 provocatione
430 2481 496 2533 lacto
515 2482 547 2534 sd
569 2481 690 2552 superius
710 2480 850 2546 iudicium,
867 2483 894 2532 iu
910 2482 958 2543 iis,
1009 2472 1076 2524 Met.
1092 2473 1170 2526 decis.
1183 2485 1245 2527 222.
1259 2495 1287 2528 n.
1304 2485 1324 2528 t.
1340 2481 1386 2530 sed
1401 2479 1535 2544 delectos,
1549 2485 1646 2552 quibos
1658 2487 1776 2540 laborare
1789 2489 1832 2540 tii-

135 2587 202 2640 qnae
221 2569 253 2622 ad
271 2567 468 2622 ordinationem
491 2582 626 2637 processus
645 2564 797 2634 pertinent,
822 2583 874 2617 non
900 2583 958 2634 spe·
1002 2556 1475 2633 citurprocaaa‚pureacrtptau
1492 2567 1835 2638 jtrdicieqnosiguitiaap.

137 2665 254 2721 cientur,
273 2671 340 2722 quse
354 2652 501 2718 superioris
521 2661 582 2702 sunt
601 2651 714 2720 judicii3
735 2649 779 2702 sed
792 2651 849 2716 cios
864 2651 892 2702 in
906 2667 957 2717 quo

137 2757 215 2794 cause
232 2739 320 2808 agitor
338 2738 378 2789 221
401 2737 526 2789 hactenus
544 2745 601 2789 acts
621 2745 670 2796 est,
691 2736 761 2787 blec.
778 2755 803 2800 p.
825 2747 849 2788 2.
877 2735 956 2789 decis.

138 2835 198 2878 222.
217 2836 244 2879 er
259 2841 286 2892 p.
307 2835 330 2875 s.
351 2822 375 2874 at.
396 2832 456 2872 222.
478 2821 552 2872 sicut
582 2817 678 2883 etiarn,
703 2835 761 2870 2222
788 2829 875 2872 certus
900 2827 954 2871 ua-

138 2909 230 2962 2222212
251 2907 344 2960 modus
362 2919 442 2972 supet·
462 2903 628 2954 desolatione
645 2903 832 2972 appellationis
852 2912 892 2955 est
914 2919 956 2954 re·

135 3006 248 3066 ceptus,
265 2991 412 3062 superioris
431 2987 595 3054 justiciinott
616 2997 670 3048 est,
697 2995 788 3039 contra
814 3004 874 3038 eotn
901 2985 953 3038 sibi

138 3083 277 3150 quicquam
298 3090 418 3136 susurre,
439 3073 509 3124 2122.
527 3089 554 3138 p.
571 3081 593 3122 t.
607 3071 633 3122 ti.
647 3080 688 3121 tt.
700 3069 733 3120 Et
745 3069 825 3137 judex
843 3071 957 3123 inferior

138 3174 199 3234 post
216 3157 421 3230 appellationem
441 3155 624 3224 interpositam
635 3153 751 3204 ordinat
770 3164 797 3204 et
808 3149 905 3204 delinit
917 3171 955 3218 ea,

141 3265 207 3317 quae
226 3241 415 3313 appellationis
433 3251 617 3307 rense,proot
629 3237 807 3302 invaluerunt,
825 3237 957 3308 adipsum

143 3332 301 3404 pertinent,
323 3323 471 3393 cttjustaodi
490 3334 550 3377 sunt
567 3323 696 3375 solennia
716 3339 803 3376 eoram
828 3341 861 3378 eo
885 3339 959 3394 prae·

141 3419 251 3480 nanda,
269 3416 338 3466 tter.
354 3429 378 3476 p.
401 3421 424 3460 2.
444 3410 498 3462 dee.
523 3421 566 3460 ss.
584 3425 611 3458 a.
632 3420 656 3459 s.
675 3417 700 3459 22
721 3418 744 3460 2.

173 3503 196 3567 5.
219 3510 259 3552 rt.
278 3495 459 3548 Constitotnm
481 3494 516 3546 its
536 3507 686 3562 processuro
706 3491 877 3560 consequitor
890 3491 959 3544 21212-

141 3587 205 3656 patio
225 3593 278 3634 tam
298 3601 312 3632 2
331 3591 404 3648 parte
422 3579 534 3645 tuttcis.
552 3593 629 3646 qrraro
648 3586 753 3645 aparte
771 3575 957 3642 litigantium,

142 3671 172 3723 ad
189 3668 380 3732 sanctamvejus
398 3665 628 3728 observationem,
647 3663 711 3716 adea
730 3672 758 3714 ut
777 3663 800 3712 si
827 3663 957 3730 praescri·

127 3763 129 3768 ·
142 3763 182 3822 pta
201 3751 337 3816 trituratio
351 3750 470 3817 neglecta
487 3746 580 3809 luerit,
594 3747 646 3818 ipsi
663 3746 791 3814 judicium
808 3761 878 3798 retro
893 3744 955 3798 red·

142 3841 218 3892 detor
237 3838 337 3890 2211222
357 3829 375 3886 Ι.
391 3834 536 3900 prolatam.
565 3840 589 3883 t.
614 3849 636 3884 c.
660 3833 691 3884 tie
719 3841 788 3883 sent.
812 3839 840 3882 et
865 3828 956 3882 interi.

143 3925 237 3978 matta.
255 3923 288 3976 de
310 3921 412 3973 ttttttu.
431 3919 457 3972 d.
480 3929 519 3970 22.
539 3927 565 3970 22
583 3915 622 3969 ibi
638 3915 712 3967 (loss.
727 3915 820 3968 llrsill.
833 3913 955 3967 Necessi-

144 4021 179 4064 tas
198 4010 270 4062 enint
288 4023 321 4060 ex
340 4005 501 4070 iudiciorum
521 4002 624 4070 legibus
643 3999 706 4052 lacit
724 3999 753 4051 in
770 3997 871 4050 omisso
896 4015 957 4068 pro.

142 4109 225 4146 cessus
245 4092 417 4150 nullitatctn,
437 4088 505 4138 11122.
522 4103 549 4154 p.
570 4083 638 4138 2.(1.
660 4095 719 4136 222.
740 4101 768 4135 n.
790 4091 814 4131 2.
835 4081 863 4132 tt
883 4083 954 4150 qnod

140 4179 177 4230 ati
195 4177 227 4229 de
246 4174 392 4227 omissione
410 4169 622 4222 substantialium
642 4168 802 4235 judiciorum
821 4167 898 4236 plane
913 4167 954 4219 in·

144 4261 249 4312 dubium
270 4269 325 4310 est:
347 4257 382 4306 ita
401 4253 592 4318 accidentalia,
611 4263 716 4320 etquse
729 4253 761 4304 ad
776 4252 871 4306 melius
896 4269 956 4306 esse

144 4345 292 4398 eorumdem
311 4361 324 4392 2
344 4341 402 4407 iore
420 4337 494 4390 cirili
511 4337 700 4404 requiruntur,
717 4335 815 4388 omissa
835 4333 952 4396 luerint,

142 4443 196 4481 2222
210 4426 274 4478 21122
292 4421 448 4476 ‹te-auritis
465 4435 557 4473 canses
574 4430 695 4482 constet,
716 4419 828 4471 minitue
853 4417 953 4470 admit·

143 4513 263 4574 22221222,
282 4511 327 4562 sed
348 4523 486 4576 processus
507 4515 638 4573 tamqnam
663 4505 751 4557 saltus
763 4513 791 4556 et
804 4504 883 4572 plane
899 4519 953 4554 uon

143 4591 292 4648 tatnmaua
311 4587 483 4642 sustinendus
501 4599 553 4648 est,
571 4589 641 4643 bier.
658 4605 687 4655 p.
708 4597 729 4636 t.
748 4588 774 4638 d.
788 4599 830 4638 ta.
841 4605 868 4654 p.
885 4600 909 4638 2.
923 4586 951 4638 ti.

144 4689 182 4730 at.
200 4685 226 4728 22
243 4677 323 4728 decis.
345 4684 403 4740 aas.
420 4689 472 4738 per
488 4681 555 4725 teet.
575 4673 633 4724 orat.
651 4687 721 4724 cam.
738 4687 764 4736 p.
786 4682 809 4722 a.
829 4679 847 4720 2.
868 4679 909 4722 at.
931 4665 954 4738 5.

144 4771 166 4812 e.
183 4777 213 4812 sa
232 4759 280 4812 aler
295 4756 534 4813 Carnmerriclrter.
552 4755 642 4823 Neque
662 4756 689 4806 in
710 4754 794 4822 priori
814 4771 875 4806 casu
886 4771 954 4822 opus

142 4857 177 4900 est
196 4845 372 4915 appellatione
397 4841 450 4894 ulla
474 4848 568 4892 contra
593 4838 750 4892 sententiam
775 4855 828 4890 nott
854 4851 953 4890 serrato

143 4931 299 4999 luticiorum
317 4926 412 4980 ordine
431 4927 524 4982 latam:
544 4925 590 4975 sed
610 4942 623 4973 a
642 4925 700 4990 jure
719 4923 777 4991 ipso
796 4921 953 4989 impeditur,

143 5033 190 5084 quo
210 5018 298 5066 minos
316 5013 494 5064 auctoritatem
512 5007 631 5060 obtineat
650 5009 688 5060 222
709 5005 840 5070 iudicttae
853 5005 879 5056 d.
899 5006 916 5057 l.
932 5016 954 5057 t.

143 5119 163 5152 e.
180 5099 214 5150 de
229 5107 298 5150 rent.
317 5105 343 5150 et
361 5095 513 5148 interlocut.
538 5093 673 5162 proposito
697 5090 729 5142 ad
761 5089 789 5140 id
815 5089 949 5153 remedio,

142 5185 206 5254 quod
226 5193 327 5235 rocttur
347 5178 488 5231 nullitatis.
508 5176 585 5245 Quod
604 5177 712 5244 quidam
732 5173 769 5226 uti
797 5174 954 5228 alternative

143 5265 266 5321 comitiari
285 5276 309 5318 et
326 5283 401 5334 posse
419 5273 447 5315 ct
465 5263 549 5315 solere
568 5279 627 5314 corn
647 5262 824 5328 appellatione
841 5263 873 5312 ad
894 5277 954 5329 pro-

142 5351 313 5405 nunciandam
334 5351 450 5418 priorem
469 5348 628 5400 sententiam
641 5345 673 5398 ed
686 5348 785 5396 attilam
800 5356 846 5396 aut
861 5346 954 5398 saltem

144 5439 286 5498 iniustam,
306 5435 329 5486 si
350 5435 420 5488 trulla
441 5431 605 5502 perplexitas
624 5443 668 5484 222
688 5431 862 5500 repugnantia
891 5431 954 5482 inde

144 5522 266 5579 22221222,
284 5531 385 5571 certum
400 5516 592 5586 qttndammotlo
607 5515 726 5568 redditur
739 5533 776 5564 ea
788 5516 806 5564 t.
820 5515 955 5582 prunedum

143 5605 237 5662 molier
255 5613 297 5656 tt.
308 5601 347 5673 ff.
357 5601 456 5673 fornii.
476 5601 585 5658 iserniae.
605 5620 631 5654 c.
652 5617 721 5655 eata.
742 5599 807 5668 imp.
824 5615 853 5670 p.
870 5611 893 5652 2.
912 5599 953 5652 tit.

1008 2649 1065 2704 tur,
1078 2653 1103 2694 et
1117 2644 1154 2694 sic
1169 2646 1293 2708 rutilitas,
1308 2657 1336 2698 nt
1351 2651 1441 2712 siant,
1458 2665 1605 2718 reparatur,
1622 2657 1649 2706 in
1666 2657 1735 2707 12222
1749 2657 1830 2714 barem

1007 2731 1035 2772 ot
1050 2725 1182 2776 sententia
1193 2763 1200 2788 ,
1213 2744 1280 2796 quae
1293 2728 1410 2796 primum
1426 2730 1496 2783 dicta
1508 2730 1578 2794 tau,
1595 2735 1684 2786 lrabita
1698 2739 1777 2799 unita,
1790 2739 1836 2792 de-

1006 2823 1057 2858 nno
1070 2823 1148 2877 super
1161 2811 1293 2878 negotium
1308 2822 1438 2865 statuatur
1452 2817 1520 2866 bles.
1533 2817 1558 2868 d.
1569 2837 1593 2884 ρ.
1608 2829 1631 2870 2.
1645 2819 1671 2870 d.
1686 2831 1744 2874 222.
1760 2843 1788 2877 a.
1813 2834 1837 2876 2.

1006 2900 1032 2942 22
1042 2912 1068 2956 p.
1083 2903 1106 2943 t.
1120 2893 1200 2946 212222.
1223 2909 1263 2953 at.
1281 2897 1419 2950 bliasrero
1432 2901 1455 2951 22
1470 2901 1580 2954 22112222
1590 2921 1648 2955 cnm
1658 2909 1838 2975 appellatione

1004 2977 1165 3038 2222122222
1180 2981 1219 3030 ret
1233 2981 1367 3049 appellans
1389 3000 1439 3036 uon
1460 2995 1560 3036 2222222
1584 2987 1616 3039 de
1639 2992 1762 3044 uoltitate
1775 3013 1837 3049 con·

1005 3061 1192 3124 qtterator.se·i
1207 3062 1286 3115 etiam
1300 3079 1330 3116 ae
1343 3065 1411 3116 eirca
1423 3067 1515 3118 merim
1530 3085 1621 3124 causare
1636 3076 1717 3126 simut
1734 3078 1849 3134 1222222γ

1005 3151 1082 3212 cupite
1101 3157 1237 3212 grauatum
1260 3164 1317 3200 esse
1334 3148 1438 3201 doceat:
1454 3151 1531 3217 judea
1546 3159 1668 3224 superior
1687 3177 1766 3232 super
1777 3181 1836 3217 cau.

1006 3242 1032 3276 sa
1052 3228 1133 3279 etiam
1159 3227 1304 3298 principali
1329 3243 1399 3284 recte
1418 3239 1551 3300 cognoscit
1571 3251 1646 3306 atque
1667 3248 1836 3314 pronunciat,

1009 3330 1068 3364 crata
1082 3313 1110 3362 iu
1125 3313 1172 3364 bac
1186 3320 1274 3382 specie
1302 3313 1365 3368 lacti
1379 3335 1431 3386 qua
1449 3335 1599 3387 processum
1623 3327 1693 3378 nibil
1714 3331 1835 3400 intersit,

1007 3407 1096 3448 otram
1115 3397 1150 3447 ob
1168 3396 1374 3464 saturatorum
1390 3403 1423 3454 cb
1437 3402 1605 3472 iniquitatem
1627 3429 1655 3460 ac
1672 3411 1834 3478 injustitiam

1006 3480 1156 3531 sententiae
1171 3483 1318 3550 appelletur
1332 3501 1391 3536 2222
1406 3487 1487 3538 altera
1507 3505 1554 3556 per
1572 3493 1678 3545 alteram
1694 3511 1793 3552 crescat
1808 3514 1835 3556 et

1006 3563 1152 3616 evidentior
1164 3564 1289 3617 reddatur
1303 3568 1380 3621 Vant.
1398 3569 1430 3622 de
1452 3572 1540 3624 nollit.
1560 3575 1639 3646 alleg.
1660 3581 1733 3633 rata.
1761 3601 1784 3640 s.
1805 3604 1833 3638 n.

1011 3657 1052 3699 at.
1071 3650 1184 3719 bles-p.
1205 3659 1229 3700 2.
1247 3651 1274 3706 d·
1296 3659 1356 3704 est.
1375 3671 1406 3706 aa
1426 3665 1448 3708 t.
1467 3665 1493 3707 22
1508 3675 1538 3726 p.
1559 3669 1583 3714 2.
1597 3661 1628 3712 d.
1650 3674 1691 3717 22.
1710 3665 1739 3718 ir.
1757 3687 1785 3739 p.
1810 3684 1830 3723 2.

1009 3731 1034 3784 d.
1055 3743 1097 3784 22.

1042 3819 1064 3883 §.
1082 3829 1124 3874 22.
1143 3817 1195 3872 Sed
1214 3819 1276 3873 licet
1290 3820 1354 3872 bace
1367 3823 1457 3876 omnir
1477 3824 1515 3879 222
1526 3829 1671 3886 secondom
1691 3842 1834 3908 22221222·ι

1009 3901 1089 3952 timae
1100 3903 1223 3956 scientiae
1242 3903 1415 3960 luctamenta
1427 3909 1580 3980 obtineant,
1593 3928 1621 3969 et
1648 3923 1836 3979 contradictio.

1007 4003 1067 4036 aem
1083 3987 1223 4053 quamdam
1244 3989 1376 4043 ittrolrant
1387 4029 1394 4054 ,
1407 4011 1528 4060 ceruam,
1553 4017 1619 4068 quae
1631 4007 1702 4058 nullo
1727 4013 1784 4072 sit,
1805 4015 1834 4065 in

1006 4070 1119 4122 secanda
1133 4073 1261 4124 instantia
1274 4075 1393 4126 rescindi
1410 4094 1487 4146 posse
1505 4083 1544 4132 rel
1568 4085 1679 4153 (1212222,
1701 4093 1781 4147 bodie
1795 4107 1832 4150 ta·

1008 4169 1082 4214 toatt,
1098 4155 1160 4224 quia
1180 4157 1268 4224 primo
1282 4176 1360 4212 uento
1374 4159 1450 4214 iacile
1464 4165 1611 4220 nullitatem
1631 4191 1645 4222 a
1665 4189 1693 4227 se
1711 4181 1835 4232 commis-

1007 4255 1061 4290 satu
1074 4241 1213 4307 agniturus
1238 4253 1265 4294 et
1284 4255 1451 4300 correcturos
1471 4250 1601 4317 creditor,
1624 4253 1667 4308 tltt.
1683 4260 1832 4319 Brnnnetn.

1005 4343 1043 4387 pr.
1058 4327 1105 4378 cia·
1120 4345 1142 4378 o.
1157 4339 1199 4378 tt.
1211 4345 1241 4378 rt.
1261 4341 1320 4382 222.
1335 4329 1432 4385 deinde
1447 4333 1528 4399 judex
1543 4339 1652 4394 aniliter
1667 4349 1833 4412 procedendo

1006 4428 1090 4480 prore
1104 4422 1164 4464 tuta
1178 4414 1304 4465 ulteriori
1318 4432 1410 4469 2222222
1418 4421 1569 4488 cognitione
1581 4441 1609 4478 sc
1622 4425 1781 4487 defiuitione
1793 4437 1834 4487 in·

1006 4495 1115 4563 digaunu
1130 4515 1157 4548 sc
1172 4496 1326 4550 reddidisse
1338 4514 1478 4568 censetor,
1497 4525 1557 4559 cum
1582 4513 1647 4564 atlas
1660 4515 1770 4580 abusus,
1795 4519 1833 4569 221

1005 4599 1056 4633 nou
1072 4599 1132 4632 usos
1146 4581 1290 4634 secundom
1306 4584 1453 4652 legitimum
1468 4589 1590 4654 modurn,
1606 4595 1779 4664 privationem
1795 4605 1835 4667 ju-

1007 4667 1044 4718 ria
1059 4665 1143 4717 dabui
1156 4679 1282 4737 operetur
1295 4705 1302 4732 ,
1316 4671 1417 4723 ethaeo
1432 4675 1504 4727 itlius
1523 4679 1596 4744 qttssi
1618 4698 1700 4749 poena
1712 4683 1744 4737 sit
1757 4687 1830 4738 ordi·

1006 4753 1080 4804 narie
1095 4769 1153 4818 arg.
1167 4759 1189 4813 §.
1202 4755 1307 4819 penult.
1316 4775 1342 4824 1.
1356 4755 1389 4808 tle
1403 4755 1492 4826 erasm
1512 4759 1529 4811 l.
1542 4761 1569 4813 si
1587 4762 1697 4817 lenones
1713 4779 1751 4823 22,
1765 4791 1788 4824 a.
1802 4773 1835 4826 rte

1005 4837 1086 4904 episc.
1101 4847 1155 4890 nat.
1171 4836 1188 4887 i.
1205 4837 1290 4890 aedes
1306 4851 1330 4890 t.
1345 4859 1368 4892 e.
1380 4841 1412 4894 de
1425 4843 1588 4900 locat.Gail.
1603 4850 1619 4900 1.
1638 4864 1659 4902 t.
1673 4855 1783 4909 observ.
1796 4869 1834 4911 tt.

1005 4938 1031 4970 n.
1054 4931 1076 4968 t.
1089 4935 1160 4986 sepa.
1173 4922 1277 4988 querela
1293 4919 1408 4992 deniqne
1432 4925 1562 4981 nuttttuts
1577 4933 1656 4986 bodie
1670 4937 1829 4992 2222112222-

1007 5015 1046 5058 tea·
1073 5017 1098 5058 et
1123 5006 1273 5074 promiscue
1294 5005 1326 5058 ad
1347 5009 1462 5074 judicem
1488 5017 1675 5081 appellationis
1699 5025 1832 5079 alelcrtur:

1006 5107 1085 5158 super
1099 5089 1217 5141 nullitate
1230 5090 1310 5140 etiarn
1325 5095 1469 5160 appellatio
1485 5098 1672 5167 principaliter
1684 5107 1834 5164 introducta

1007 5175 1152 5243 recipitur,
1175 5183 1201 5226 et
1222 5191 1269 5243 per
1289 5190 1346 5226 eant
1360 5177 1440 5229 sintul
1462 5195 1537 5234 eausa
1554 5183 1614 5254 ipsa
1635 5185 1782 5243 derolsitur
1800 5195 1834 5247 ob

1007 5259 1126 5310 eamdem
1140 5257 1225 5309 solunt
1238 5259 1407 5320 nullitatern,
1427 5264 1534 5315 etiamsi
1549 5266 1613 5318 alias
1627 5283 1731 5338 propter
1743 5293 1835 5332 cattsae

1005 5341 1186 5394 conditionem
1199 5343 1326 5412 appellari
1343 5361 1458 5413 neqtreat.
1476 5351 1504 5401 ld
1518 5352 1587 5418 quod
1601 5355 1664 5406 adeo
1679 5373 1785 5421 rerum,
1808 5373 1835 5415 22

1006 5428 1033 5478 in
1053 5428 1193 5496 proposito
1207 5445 1271 5480 casu
1284 5431 1428 5498 appellatio
1444 5435 1585 5498 subsistat,
1603 5455 1654 5488 noo
1670 5441 1755 5504 modo,
1772 5461 1833 5496 cnm

1006 5515 1065 5580 quis
1078 5515 1214 5579 expressis
1235 5513 1322 5566 serbis
1342 5517 1376 5568 ob
1396 5519 1543 5570 nullitatem
1573 5526 1763 5592 appellaverit:
1789 5531 1834 5581 sed

1007 5598 1160 5652 etiamnum
1177 5599 1326 5676 implicite,
1341 5605 1413 5656 nulle
1426 5605 1519 5675 injecta
1533 5611 1665 5663 nullitatis
1686 5616 1835 5680 maritione,
1853 5647 1857 5662 ·
