4228 6240
228 286 281 340 sn
796 305 809 354 ,-
832 275 1214 336 muneremunere.
1240 306 1244 317 ·
1757 275 1812 344 22

174 381 285 436 lemelia
305 381 377 436 enita
397 395 429 434 ea
449 386 543 434 mente
557 371 760 446 chrysostomi,
779 393 858 446 quem
876 375 994 430 Grotius
1011 381 1017 409 ¹
1048 376 1121 430 212212
1134 379 1256 447 exempla
1266 375 1397 448 quaedam
1410 377 1633 448 sanctonum-qui
1647 373 1779 448 hacpassi
1794 384 1868 442 sunl,

172 479 230 522 not.
249 467 288 522 ad
299 467 326 519 d.
339 473 400 528 2.,2.
420 463 546 524 adducit,
566 478 619 514 non
638 459 671 510 ab
684 455 827 508 iniereutia
837 457 937 520 altimo,
951 457 996 510 sed
1048 477 1143 528 eosque
1162 461 1265 514 laudat:
1285 462 1334 514 sed
1343 461 1370 512 ai
1378 461 1493 529 impius,
1508 463 1595 531 inquit
1616 477 1711 530 porro,
1729 460 1867 530 percutiat

170 550 325 620 sejudicio
351 566 463 613 eorum,
488 546 534 617 qui
562 544 715 615 patiuntur,
741 549 785 594 aut
804 537 835 594 fit
854 550 897 594 aut
917 541 998 610 perit.
1048 544 1210 613 monilium,
1230 557 1260 598 ut
1265 545 1357 615 fidem
1376 556 1402 597 et
1414 545 1572 618 religionem
1586 545 1772 599 orthodoxam
1786 543 1871 612 despi-

115 651 132 696 a
172 635 251 690 liuda
270 651 351 706 porro
368 635 434 688 satia
452 631 564 689 dubium
584 627 721 690 redditur,
739 645 772 679 an
793 645 906 697 unquam
925 628 997 681 chri·
1047 625 1265 691 eiat,tuncnon
1285 629 1444 698 praehenda
1462 628 1701 694 eltercmneilln,
1719 629 1868 700 22182221-

173 721 279 775 atianua
293 720 363 772 salsa
381 715 548 772 couscientia
562 711 720 780 injuriarum
733 727 810 778 agera
824 711 932 779 possit?
943 711 996 772 libi
1048 721 1091 762 tet
1103 713 1299 782 increpandus,
1313 711 1427 781 utiseeit
1439 712 1563 768 Christus
1576 712 1640 764 dod.
1657 722 1698 763 22.
1712 722 1753 764 22.
1770 712 1867 766 Paulus

171 805 338 873 distiog..an
358 820 404 873 per
425 797 682 870 injuriaadamnum
709 795 778 846 rente
795 793 943 859 inseratur,
960 817 993 852 22
1048 807 1101 849 oct.
1122 807 1202 852 222.
1223 799 1254 852 12
1273 794 1328 850 fine
1347 815 1407 854 aero
1428 807 1498 850 taxat
1515 795 1661 866 quosdam,
1677 799 1722 864 qui
1742 798 1812 848 ultro
1831 794 1867 844 ir·

172 889 268 940 saltem
286 886 465 940 existimatio
483 879 571 938 2221212
594 879 734 948 injuriosis
758 878 883 930 laedatur.
903 879 993 933 Priori
1046 882 1164 935 ritanant
1182 882 1265 943 21122,
1289 873 1317 935 ut
1336 882 1494 952 sibialapas
1514 881 1685 954 infligerent,
1703 891 1731 934 et
1750 875 1869 955 percussi

169 971 348 1028 22221111ιὶ22
367 961 993 1033 2121222222221212212222,[22222222122221
1046 967 1151 1020 alteram
1178 968 1314 1020 maxillam
1338 965 1490 1020 otierebaut.
1516 965 1548 1018 Et
1571 966 1704 1018 Francisc
1730 963 1814 1018 Lucae
1833 963 1870 1018 nd

170 1056 375 1112 restitutionem
395 1052 523 1124 petimus·
544 1048 689 1104 Posterinti
707 1062 768 1098 casu
788 1045 885 1098 iterum
905 1047 992 1100 viden·
1044 1051 1135 1106 eumd,
1152 1053 1206 1105 100.
1224 1053 1325 1105 ntum
1343 1053 1407 1103 lton
1419 1049 1511 1112 dehet,
1526 1048 1704 1119 inquia‚fim·
1716 1048 1809 1100 animo
1821 1065 1869 1100 cu.
1902 1067 1907 1104 :

170 1141 259 1206 dura,
284 1157 317 1193 an
348 1155 464 1209 persona
492 1137 619 1203 injuriam
639 1149 711 1201 passe
731 1131 758 1182 in
778 1129 885 1200 publico
903 1129 994 1186 officio
1042 1137 1106 1202 pido
1126 1135 1286 1200 vindictam
1313 1136 1459 1190 consiliam
1481 1134 1583 1188 Christi
1600 1147 1653 1199 est,
1674 1131 1796 1186 docentis
1814 1149 1867 1186 nos

169 1225 243 1277 civili
265 1215 994 1282 22122212212221222122222ιί222,222σὶ222222ιί·
1044 1222 1118 1274 mula
1134 1219 1264 1289 perfirre.
1284 1223 1348 1276 Νοιι
1369 1239 1430 1288 ergo
1449 1219 1610 1288 prohibetur
1632 1216 1764 1284 iniurium
1785 1215 1867 1272 decii·

102 1327 107 1365 :
170 1327 206 1364 no
222 1309 347 1364 vindieat
367 1306 497 1374 iujuriae,
517 1321 551 1360 tte
570 1301 634 1356 inde
651 1297 993 1354 12211021221221222222·
1044 1322 1229 1377 murmurque
1247 1306 1395 1376 aliquando
1410 1305 1459 1370 iis,
1473 1307 1568 1374 quibus
1579 1305 1609 1358 id
1617 1301 1708 1376 officii
1717 1302 1864 1366 incumbit,

169 1391 275 1456 delun,
292 1403 320 1446 et
341 1392 379 1446 'ne
405 1391 464 1442 tulis
483 1404 594 1458 persona
611 1384 748 1438 sinistram
768 1383 801 1436 de
820 1399 848 1436 se
866 1383 994 1453 suspicio-
1045 1390 1245 1448 uindicandum
1265 1390 1432 1444 committere
1440 1390 1549 1456 ,multo
1568 1389 1657 1444 mium
1669 1387 1826 1456 iis,quiiat
1840 1385 1870 1440 id

168 1495 232 1532 nem
252 1475 361 1532 tacendo
379 1473 432 1527 sibi
451 1479 584 1526 nooman:
603 1487 635 1522 an
654 1483 715 1522 reto
728 1469 809 1538 plane
828 1469 866 1520 sit
885 1470 992 1537 privata,
1045 1493 1081 1529 ιω
1094 1474 1191 1545 qsficin
1213 1476 1362 1542 incumbit,
1378 1475 1582 1543 magistratibus
1592 1475 1750 1539 vindicas„
1760 1455 1868 1544 profi.

169 1564 217 1618 22121
238 1565 261 1615 si
280 1561 334 1633 12221
353 1561 456 1613 crimen
476 1559 559 1610 sutrii
576 1556 725 1622 ⁰bi⁶⁰¹¹¹fflt
744 1553 919 1622 injuriantem
931 1572 992 1610 eon·
1043 1559 1092 1614 ctis
1104 1559 1257 1630 corrigere,·
1268 1561 1320 1614 red
1334 1559 1460 1628 privatos
1472 1559 1575 1615 inhibet
1587 1557 1759 1620 inimicitias,
1772 1557 1869 1620 prian-

169 1648 260 1704 aenire
285 1647 400 1717 poterit,
426 1662 479 1715 quo
498 1651 641 1713 espurget
659 1659 673 1692 a
692 1639 810 1692 crimine
829 1649 855 1692 et
875 1655 909 1693 ne
927 1642 993 1694 alter
1043 1653 1088 1696 tue
1106 1645 1349 1700 ultionisstudium
1368 1645 1566 1716 appetitumque
1585 1643 1729 1709 improbet.
1744 1641 1775 1693 Et
1795 1644 1865 1695 Mal·

169 1733 355 1790 maledicendo
380 1739 494 1800 pergat,
519 1744 594 1780 aecus
616 1725 710 1778 melius
734 1725 913 1778 conscientiae
932 1741 992 1776 suae
1044 1728 1134 1780 donat.
1146 1728 1183 1780 od
1195 1728 1220 1780 d.
1233 1729 1250 1780 l.
1262 1729 1291 1781 in
1296 1726 1322 1794 s.
1335 1727 1457 1782 Privatis
1471 1727 1629 1782 dominibus
1640 1726 1764 1781 manunt
1774 1726 1865 1797 injecit

167 1820 289 1876 eooautet
305 1852 315 1884 ,
335 1817 359 1870 ai
372 1813 514 1882 injurianti
527 1811 633 1866 aenium
646 1808 762 1871 dederit,
774 1826 798 1860 ι.
811 1806 844 1862 de
856 1809 904 1862 hac
914 1827 993 1878 quae·
1043 1809 1209 1881 (salvator)
1223 1829 1273 1864 nec
1283 1809 1419 1880 puniendi
1426 1809 1675 1879 potestatemtollit,
1688 1811 1864 1880 2221222222-

169 1907 253 1958 stion.
280 1901 328 1954 dn.
346 1899 486 1955 Charisius
510 1892 624 1964 dejero
648 1893 792 1946 conseieut.
814 1909 837 1944 c.
857 1903 881 1944 2.
901 1909 929 1944 n.
949 1904 991 1945 te.
1041 1893 1072 1946 di
1082 1895 1253 1948 occasionem
1262 1896 1418 1965 praeclusit·
1429 1898 1475 1950 Sic
1486 1897 1600 1950 Johunn.
1621 1895 1756 1947 Masculus
1776 1895 1815 1946 cd
1839 1893 1863 1948 ri

167 2005 244 2060 seqq.
282 1987 417 2040 21222.
439 1983 546 2035 tandem
566 1979 790 2043 2222122112,1222
802 1980 990 2048 saltemquoad
1041 1998 1101 2048 ecp-
1115 1994 1138 2032 2.
1158 1999 1224 2036 uere.
1237 1994 1279 2034 22.
1294 1982 1393 2038 Mattit.
1406 1993 1510 2052 quaeest.
1524 1983 1567 2036 De
1584 2000 1637 2052 quo
1653 1982 1727 2036 malo
1739 1980 1865 2042 Citristuq

168 2072 380 2134 conscientiam,
408 2067 586 2122 criminaliter
611 2065 769 2132 injuriarum
787 2063 828 2131 agi
847 2081 940 2134 posse,
958 2081 990 2116 an
1041 2065 1190 2134 loquetur?
1202 2068 1428 2130 lionlnaenntur,
1442 2064 1637 2136 inquit,srenn
1651 2067 1866 2130 rnnlorum5sed

167 2159 302 2222 civiliter,
321 2157 443 2220 dubitat,
462 2154 523 2223 quin
542 2151 700 2220 iniuriarum
726 2149 796 2200 actio
817 2159 918 2202 tantum
934 2158 990 2201 ten·
1039 2164 1089 2216 per
1101 2150 1305 2218 muga‘strctum,
1322 2169 1378 2206 non
1401 2151 1534 2219 priuatim
1553 2151 1647 2206 2121221
1667 2153 1774 2206 debent.
1800 2139 1872 2210 22121.Ι

80 2231 83 2242 ’
167 2246 208 2300 dit
228 2245 262 2298 ed
283 2243 428 2296 vindictam
441 2241 460 2293 1.
489 2253 529 2294 tt.
555 2237 578 2311 S.
607 2249 650 2292 22.
663 2235 844 2306 fficleinp'ur.
857 2237 875 2286 1.
891 2248 914 2288 t.
928 2243 948 2298 2.
965 2246 988 2289 t.
1041 2231 1150 2286 Osiand.
1169 2233 1201 2288 ud
1220 2235 1296 2291 Grol.
1314 2234 1358 2288 tit.
1387 2248 1480 2302 t.cap.
1496 2249 1519 2288 2.
1532 2236 1568 2290 m.
1589 2249 1612 2290 2.
1634 2238 1735 2290 observ.
1760 2239 1862 2300 21212,

159 2327 203 2398 ff.
223 2328 332 2381 detuli.
363 2326 428 2380 ion.
451 2337 475 2378 et
495 2341 542 2394 per
559 2324 638 2376 aerlsa
657 2323 785 2390 injuriosa
806 2321 873 2373 lama
891 2320 992 2375 2212221
1043 2318 1220 2376 Pisonem
1233 2322 1298 2379 dv.
1312 2335 1353 2378 22.
1368 2325 1466 2378 Martie.
1485 2344 1542 2395 cop.
1557 2337 1581 2377 2.

166 2413 280 2483 nequit,
299 2412 319 2462 l·
332 2430 378 2464 un.
396 2427 420 2463 c.
433 2406 580 2478 desumus.
602 2405 683 2460 tltett.
703 2406 821 2459 Maxime
839 2424 901 2459 sero
921 2408 987 2473 illa,
1077 2403 1148 2458 Satis
1167 2407 1282 2476 proinde
1299 2409 1381 2478 liquet
1388 2447 1397 2474 ,
1416 2412 1517 2480 alapam
1532 2409 1637 2480 publice
1650 2409 1787 2466 vindicare
1801 2429 1861 2482 pro-

166 2501 215 2570 qui
229 2498 358 2567 injuriosa
378 2497 455 2548 rerba
475 2495 550 2548 mille
567 2494 678 2547 tlraleria
691 2493 845 2561 etamplius
857 2495 988 2559 aestimat,
1041 2485 1156 2540 bibitum
1176 2507 1229 2542 non
1247 2510 1318 2558 esse3
1337 2493 1383 2546 aed
1402 2511 1490 2548 22222
1510 2495 1593 2564 aliqui
1613 2507 1693 2550 erunt
1710 2514 1794 2560 maras,
1815 2499 1878 2552 ubi·

167 2583 199 2638 ln
218 2581 441 2638 mariandeni:
459 2580 512 2632 erit
531 2595 652 2642 securus,
671 2595 730 2630 eum
750 2577 803 2646 ipsi
818 2593 904 2631 revera
919 2581 988 2632 nihil
1039 2571 1142 2640 alapam
1160 2575 1315 2630 auctoritate
1333 2577 1436 2648 priuata
1453 2577 1590 2632 2122112222
1613 2577 1725 2632 licebit?
1744 2569 1817 2649 Quid
1835 2599 1862 2634 e-

112 2685 128 2730 a
167 2670 248 2723 absit.
269 2667 308 2718 Ea
329 2667 372 2719 his
389 2681 452 2734 ergo
471 2663 548 2716 lavile
566 2663 634 2728 erit,
653 2661 776 2732 colligere
791 2665 991 2734 responsionem
1042 2659 1114 2722 nim,
1133 2658 1156 2710 si
1175 2661 1236 2729 quia
1255 2662 1408 2730 meinique
1421 2662 1496 2731 alapa
1507 2662 1651 2732 percutiat,
1666 2679 1755 2716 annon
1770 2675 1863 2734 potera

166 2753 203 2808 ad
220 2751 401 2824 quaestionem
423 2749 546 2820 superins
566 2747 731 2818 propositam
746 2786 754 2812 ,
772 2765 868 2816 nempe
887 2747 989 2817 alapam
1040 2745 1124 2798 arratis
1141 2745 1228 2800 eidem
1248 2747 1389 2813 resistere,
1415 2751 1506 2818 sieque
1525 2747 1693 2802 moderamen
1712 2750 1862 2818 inculpatae

169 2851 277 2908 2222222,
298 2834 322 2887 21
341 2837 377 2886 212
395 2851 507 2904 persona
526 2834 616 2884 saltem
636 2833 736 2900 privata
749 2839 777 2882 et
789 2848 841 2882 non
856 2831 884 2883 in
899 2829 990 2885 oiiicio
1043 2831 1139 2882 tutelae
1162 2831 1357 2902 praetendere?
1381 2835 1510 2902 Quaestio
1528 2833 1591 2885 haee
1607 2829 1766 2886 affirmanda
1787 2833 1863 2888 aide·

166 2923 329 2985 constitute,
348 2919 416 2972 bene
431 2916 539 2987 quidem
559 2913 653 2970 iecerit
670 2931 704 2966 ex
724 2923 813 2965 aneatte
830 2913 953 2979 Christi,
966 2916 989 2968 si
1042 2922 1101 2976 tur,
1118 2915 1180 2982 quia
1200 2915 1347 2982 pericnlum
1367 2913 1467 2979 iamne,
1486 2919 1672 2986 aequiparatur
1692 2917 1807 2986 periculo
1822 2917 1862 2972 tl·

166 3007 320 3059 adsersario
339 3000 543 3065 mntlouaaeritg
562 2999 631 3052 male
648 3015 723 3062 tero,
744 2997 765 3048 si
784 2997 989 3052 aestimatorlam
1042 3005 1097 3060 tae,
1115 2998 1171 3050 dul.
1191 2999 1285 3050 Clarus
1303 3005 1325 3062 2.
1349 2999 1533 3054 nomicidium.
1558 3019 1585 3050 ιι.
1609 3010 1651 3054 22.
1671 3001 1782 3070 insuper
1801 3016 1861 3070 pern

164 3090 331 3158 injuriatum
344 3089 476 3143 actionem
491 3083 674 3136 intentaverit:
690 3099 741 3134 non
756 3089 842 3134 tamen
857 3092 919 3135 tune
932 3100 991 3154 pec·
1042 3083 1162 3136 mittitur
1180 3083 1291 3137 honoris
1316 3085 1357 3136 sui
1378 3083 1499 3138 defensio
1518 3095 1545 3138 et
1562 3084 1726 3153 ignominiae
1745 3085 1861 3138 violenta

168 3183 396 3244 eaturumtputo,
417 3173 439 3225 si
461 3170 543 3238 1221121
569 3167 763 3238 percutientem
783 3165 924 3231 detulerit,
941 3187 993 3238 quo
1040 3171 1174 3239 repulsior
1194 3168 1249 3222 imo
1277 3179 1330 3222 tam
1350 3169 1506 3234 infamiam,
1525 3187 1604 3239 quem
1624 3169 1741 3240 corporis
1760 3169 1869 3238 pericu·

166 3259 250 3326 hujus
276 3257 316 3311 sui
336 3255 466 3310 iacinctis
486 3270 582 3324 poenam
602 3253 663 3304 luat.
683 3251 797 3302 1122112112
815 3254 887 3303 enim
908 3253 993 3306 homi·

166 3361 235 3396 num
255 3339 396 3396 iacendum
415 3353 468 3392 non
487 3349 540 3402 est·,
560 3337 716 3405 crimenque
729 3352 779 3386 non
793 3337 915 3406 punitum
929 3339 988 3409 pln-

165 3429 238 3482 rima
257 3425 382 3498 producit
401 3424 461 3478 alin.
481 3422 516 3475 Et
534 3421 653 3474 12222112
667 3419 783 3472 vindicta
798 3421 897 3491 privata
913 3439 988 3478 exer-

166 3525 256 3576 cetum
274 3509 363 3563 aditus
380 3524 441 3563 aero
463 3507 507 3559 hic
522 3505 555 3559 ad
575 3503 701 3573 judicem,
720 3503 743 3554 21
762 3499 987 3561 1122221222ιί2-

169 3597 258 3650 dictae
275 3593 387 3664 cupido,
407 3592 436 3645 in
455 3589 620 3644 conscientie
639 3605 692 3640 non
712 3587 802 3642 reddit
820 3605 949 3644 22222222.
962 3593 988 3646 d.

114 3692 130 3736 2
172 3680 287 3732 0212221.
308 3679 340 3730 tad
359 3678 437 3730 Grol.
456 3675 474 3728 1.
502 3689 523 3728 t.
546 3691 569 3726 e.
584 3683 607 3724 2.
622 3671 659 3725 lit.
671 3672 765 3726 2212.
780 3672 877 3742 mins
890 3677 990 3746 Quem.

167 3780 248 3833 qnam
267 3760 392 3814 Balduin.
413 3757 637 3812 eleutherum
657 3755 772 3810 celebris
789 3768 824 3810 tr.
849 3761 884 3813 212
905 3762 989 3816 catii.

170 3847 324 3904 enutrierat.
343 3845 362 3896 1.
377 3854 399 3896 2.
418 3859 475 3899 ees·
497 3839 688 3908 asmoneedat,
709 3859 786 3908 eum,
800 3843 845 3914 qui
860 3844 955 3914 injuste
967 3868 993 3900 a·

169 3935 258 4004 lupam
280 3929 397 4001 accepit,
416 3927 508 3982 statim
521 3939 548 3981 et
561 3926 738 3979 incontinenti
751 3938 918 3996 repercutere
931 3949 992 4000 pos·

171 4034 200 4070 ae
218 4015 378 4076 ierientem,
404 4029 458 4064 non
482 4011 515 4064 ad
535 4009 688 4064 sumendam
713 4009 873 4075 vindictam,
898 4012 993 4068 2221221

169 4101 320 4156 evitandam
341 4096 480 4150 iniamiam
500 4106 528 4150 et
544 4093 731 4166 ignominiam.
751 4095 828 4165 Quod
845 4096 873 4149 in
888 4095 995 4151 122221-

170 4188 219 4243 rili
234 4186 313 4241 iacile
323 4181 530 4238 concetlendum.

206 4273 239 4328 Et
263 4273 312 4324 laoc
337 4268 415 4322 anoslo
434 4285 485 4321 non
504 4266 590 4320 obstat
607 4263 709 4318 «lictum
731 4263 876 4319 salvatoris
896 4269 995 4321 Mettis.

172 4369 198 4409 2.
210 4373 236 4408 ι.
252 4366 294 4408 22.
307 4352 352 4404 ubi
372 4351 489 4403 vindicta
507 4349 600 4402 saltem
620 4349 722 4419 privata
747 4359 774 4402 et
793 4349 827 4402 lis
845 4366 925 4420 anper
943 4351 992 4406 1221

168 4439 274 4510 injuria
300 4437 495 4498 interdicitur,
519 4435 624 4504 qualem
643 4433 787 4488 vindictam
807 4443 833 4489 el
851 4435 879 4487 11.
899 4437 993 4491 2121122

166 4527 334 4604 prohibent,
352 4523 369 4576 1.
386 4520 471 4592 tuff-
482 4521 516 4574 212
523 4519 623 4591 [arud.
637 4519 694 4572 Nun
709 4518 782 4572 enim
795 4521 939 4590 alloquitur
951 4521 990 4574 ibi

169 4613 297 4668 Christus
317 4610 519 4677 magistratum,
545 4607 592 4659 sed
611 4606 718 4675 eosqui
736 4607 918 4677 impetuntur,
937 4607 990 4660 vid.

169 4703 249 4755 Grol.
262 4696 325 4765 dep'.
341 4695 367 4746 i.
383 4702 408 4745 et
422 4711 451 4761 p.
465 4694 483 4745 1.
494 4705 546 4746 t.e.
562 4704 585 4744 2.
599 4697 621 4753 ς.
635 4699 660 4743 2.
672 4689 771 4745 mulli
783 4708 832 4744 nec
845 4691 902 4764 ipse
914 4693 993 4747 Chri·

167 4795 243 4849 22222,
263 4797 312 4834 nee
332 4778 426 4830 Paulus
445 4779 561 4847 percussi
580 4775 693 4829 alteram
711 4775 886 4829 obser-terunt
900 4778 992 4830 maril-

169 4871 241 4934 lam,
261 4863 306 4919 aeti
328 4861 495 4934 petulantiam
515 4859 672 4928 gravissima
684 4858 805 4914 oratione
817 4861 994 4930 reprehende·

171 4963 255 5016 runt,
277 4950 346 5002 Joir.
364 4957 405 4999 22.
419 4967 449 5002 o.
462 4955 504 4997 22.
523 4955 608 4998 ector.
625 4955 667 4998 22.
679 4963 701 4997 ι.
713 4957 737 4996 2.
750 4943 797 4996 nbi
813 4947 923 5009 Paulusg
935 4961 995 5016 per·

171 5037 256 5092 eutice
268 5046 295 5088 te
308 5035 402 5095 Deus,
416 5029 518 5100 inquit,
531 5029 623 5100 paries
634 5029 768 5084 2122211222.
784 5030 853 5099 Ergo
866 5031 994 5100 prohibe·

175 5131 223 5175 tur
241 5120 336 5172 saltem
355 5115 451 5168 abusus
469 5115 536 5182 juris
556 5113 994 5186 2211221212ρ2122222122122222

1039 3256 1094 3306 lum
1112 3273 1127 3307 2
1147 3254 1225 3307 nobis
1246 3254 1394 3324 propellere
1412 3253 1543 3324 cogimur,
1563 3268 1624 3305 cum
1644 3270 1772 3322 personne
1784 3251 1870 3306 22122·

1039 3357 1096 3392 rnae
1113 3341 1343 3392 conservationem
1362 3342 1418 3407 jura
1438 3339 1631 3406 aequiparent,
1651 3339 1668 3388 1.
1676 3337 1762 3407 justa.
1776 3350 1801 3394 s,
1816 3335 1861 3407 ff.

1038 3424 1072 3478 212
1083 3422 1240 3479 manumiss.
1253 3423 1323 3478 vind.
1341 3422 1396 3479 vid.
1413 3439 1492 3492 snpra
1510 3439 1532 3476 e.
1552 3435 1577 3474 2.
1595 3439 1621 3474 ιι.
1645 3435 1684 3473 22.
1702 3423 1733 3478 Et
1751 3425 1806 3493 qul.
1817 3424 1868 3476 122..

1039 3509 1123 3576 iuriae
1141 3527 1192 3562 non
1203 3507 1330 3572 obsistit,
1342 3524 1399 3558 cum
1415 3505 1515 3575 possit,
1532 3513 1584 3556 tarn
1598 3515 1639 3556 eat
1652 3504 1679 3556 in
1694 3505 1766 3569 sitio,
1781 3523 1860 3574 qnam
1875 3535 1880 3542 ·

1039 3593 1063 3646 si
1082 3603 1206 3663 parentes
1225 3600 1270 3644 unt
1288 3590 1388 3644 amieos
1414 3598 1460 3640 aut
1482 3587 1595 3659 patrium
1614 3585 1735 3653 deserat,
1755 3597 1784 3639 ut
1801 3589 1860 3656 opi·

1039 3685 1118 3729 natur
1137 3675 1221 3728 Cicer.
1240 3677 1257 3727 1.
1280 3686 1301 3725 2.
1319 3671 1370 3740 off.
1385 3671 1566 3742 iamiamque
1584 3671 1642 3740 ipsa
1658 3669 1880 3724 irrationabilia.

1039 3762 1163 3815 animalia
1192 3761 1346 3832 propulsare
1373 3758 1491 3825 atudent,
1516 3757 1621 3811 Camill.
1639 3756 1739 3809 1122211.
1760 3754 1873 3808 contii'

1041 3857 1082 3900 rt.
1101 3864 1129 3900 n.
1153 3857 1192 3898 22.
1211 3847 1282 3896 ltine
1299 3843 1328 3896 in
1346 3844 1433 3915 specie
1450 3843 1631 3913 quaestionem
1651 3841 1732 3892 etiam
1751 3840 1785 3894 de
1802 3841 1859 3903 ttto,

1038 3932 1083 4001 qui
1105 3947 1148 3984 me
1159 3931 1233 4000 alapa
1249 3929 1393 3999 percussit,
1416 3923 1533 3982 2112222222
1556 3927 1738 3980 Datnltouder.
1763 3924 1792 3979 in
1815 3942 1882 3994 pr..

1039 4018 1115 4072 crim.
1132 4033 1157 4069 c.
1170 4027 1213 4068 22.
1231 4032 1260 4066 n.
1281 4027 1302 4066 2.
1321 4028 1377 4082 sqq.
1395 4009 1529 4066 Caaalcan.
1547 4012 1566 4064 i.
1586 4024 1611 4066 2.
1628 4013 1683 4064 dee.
1704 4023 1748 4062 22.
1767 4028 1795 4062 ιι.
1816 4022 1860 4063 22.
1881 4052 1883 4057 .

1041 4112 1067 4156 22
1091 4101 1149 4154 olii.
1169 4101 1242 4166 imo,
1260 4097 1331 4169 quod
1351 4097 1443 4150 mirari
1462 4097 1541 4163 licet,
1561 4093 1876 4148 222221122212222222.-Δ

1042 4203 1116 4240 mnea
1133 4187 1238 4254 alapam
1258 4201 1364 4254 passum
1378 4191 1425 4234 ant
1435 4182 1526 4236 saltem
1541 4195 1694 4250 paronnam,
1706 4176 1861 4246 appretien-

1043 4283 1096 4325 tem
1114 4271 1236 4324 occidere
1255 4287 1330 4341 posse
1350 4277 1484 4330 statnunt.
1509 4267 1561 4321 aid.
1576 4265 1687 4318 leonina
1701 4261 1785 4316 instit.
1799 4281 1862 4314 rno-

1041 4356 1093 4409 rnl.
1103 4367 1175 4426 part.
1196 4367 1222 4408 t·
1239 4355 1257 4408 1.
1279 4365 1302 4406 2.
1321 4369 1343 4408 2.
1366 4367 1387 4406 2.
1407 4371 1450 4423 qn.
1472 4363 1511 4405 22.
1529 4350 1707 4419 2212222212,
1725 4347 1787 4418 qnia
1806 4346 1860 4402 alio
1879 4375 1885 4387 ·

1043 4441 1121 4494 modo
1144 4440 1230 4492 honor
1248 4438 1355 4492 delendi
1375 4437 1478 4508 nequit.
1496 4437 1601 4489 lessius
1618 4436 1652 4488 de
1665 4434 1688 4504 1⁰.
1701 4433 1755 4504 etj.
1766 4434 1787 4487 i.
1803 4443 1826 4486 2.
1838 4449 1860 4486 e.
1880 4474 1886 4480 .

1045 4535 1069 4576 2.
1088 4523 1174 4579 totu.
1196 4534 1236 4576 22.
1255 4523 1300 4576 ubi
1320 4541 1348 4578 ιι.
1376 4537 1400 4576 2.
1425 4523 1495 4576 12222
1518 4520 1680 4575 sententiam
1698 4517 1863 4590 speculative
1883 4543 1888 4550 ·

1042 4609 1224 4679 probabilem,
1244 4607 1336 4661 sedin
1358 4607 1432 4679 proxi
1458 4607 1493 4660 ob
1512 4607 1669 4677 perieulum
1689 4605 1823 4660 vindictae
1841 4619 1866 4662 et

1044 4708 1168 4748 excessus
1187 4707 1240 4745 non
1260 4689 1340 4746 iacilc
1358 4691 1521 4747 admittenda
1533 4716 1546 4740 u
1566 4691 1642 4748 dieit.
1660 4697 1794 4768 Sotodep'.
1807 4701 1879 4772 etp'...

1044 4777 1062 4831 1.
1083 4790 1107 4829 ⁵.
1120 4795 1165 4848 qu.
1184 4786 1205 4828 t.
1220 4787 1273 4831 ert.
1288 4788 1313 4828 2.
1332 4778 1417 4832 Diana
1435 4778 1515 4832 resoi.
1540 4779 1639 4835 merui.
1657 4789 1722 4836 tom.
1744 4793 1767 4838 2.
1785 4797 1819 4839 ιι.
1840 4803 1864 4845 n,

1045 4861 1124 4916 reroi.
1146 4872 1171 4913 2.
1192 4879 1221 4914 ιι.
1246 4873 1268 4912 2.
1287 4861 1498 4916 2211212122221.
1520 4876 1544 4918 2.
1561 4864 1605 4916 nbi
1624 4863 1658 4918 de
1676 4869 1796 4922 minante
1813 4872 1866 4926 ala·

1045 4962 1105 5017 pam
1126 4945 1196 4999 idem
1215 4947 1320 4998 asserit.
1339 4945 1373 5000 Et
1392 4950 1473 5000 recol.
1489 4957 1512 4999 2.
1531 4965 1557 5000 n.
1578 4963 1601 5004 2.
1620 4950 1700 5004 etiam
1719 4953 1865 5024 lugientem

1045 5039 1105 5103 post
1121 5041 1255 5102 acceptam
1275 5028 1308 5082 ab
1328 5030 1386 5101 ipso
1403 5033 1506 5101 alapam
1527 5049 1570 5087 me
1587 5035 1707 5089 occidere
1721 5057 1797 5108 possa
1814 5053 1867 5095 ata·

1046 5115 1109 5181 tuit,
1128 5117 1238 5184 ejusque
1255 5115 1394 5188 opinionis
1412 5119 1522 5171 asseclas
1536 5121 1593 5192 pios
1607 5131 1633 5174 et
1647 5123 1814 5180 doctissimos
1828 5127 1865 5180 vi-

168 5217 203 5260 22
222 5203 319 5256 1221122
337 5201 421 5254 simus
438 5199 471 5252 ad
492 5199 696 5268 ignoscendum,
715 5200 992 5267 22211222222112222,
1045 5215 1089 5252 ros
1106 5197 1179 5252 211212
1206 5201 1306 5252 Verum
1332 5201 1451 5268 negativa
1470 5205 1554 5274 magia
1573 5205 1681 5260 arridet.
1702 5207 1774 5263 licat
1792 5215 1865 5267 enim

170 5290 253 5345 nobis
276 5286 430 5340 inculcatur.
447 5303 472 5336 ι.
492 5283 667 5353 llatppreent.
686 5283 760 5346 2212.
779 5283 996 5339 1222221022221.
1045 5283 1104 5334 tiro
1121 5295 1199 5350 grave
1218 5282 1268 5346 eit,
1289 5285 1399 5338 honoris
1418 5285 1564 5357 periculum
1579 5291 1650 5358 pati,
1664 5293 1764 5346 nullius
1779 5306 1873 5349 tamen·

173 5370 284 5425 e.intt·
315 5363 512 5436 depublicet
533 5383 561 5417 n.
582 5365 706 5419 tet.iln.
726 5367 811 5435 zlegl.
830 5369 862 5420 ad
881 5369 959 5423 Grol.
978 5369 997 5422 1.
1046 5367 1154 5423 honoris
1173 5368 1326 5423 aestimatio
1345 5369 1413 5422 tanti
1439 5389 1496 5426 esse
1514 5373 1609 5440 debet,
1628 5385 1655 5430 ut
1672 5395 1720 5448 per
1737 5379 1814 5433 sitnm
1833 5381 1870 5433 al-

174 5465 196 5508 t.
209 5471 232 5508 e.
249 5463 274 5504 2.
292 5446 316 5522 ᾗ.
330 5461 355 5503 2.
374 5448 465 5518 Neque
483 5447 561 5500 aliam
574 5449 653 5516 lanius
664 5449 730 5502 dieti
745 5451 995 5522 interpretationem
1048 5457 1133 5508 terius
1154 5454 1319 5524 redimatur,
1332 5475 1355 5508 2.
1369 5455 1490 5513 Balduin.
1503 5461 1522 5514 1.
1535 5471 1558 5510 2.
1572 5477 1628 5515 eus.
1642 5479 1729 5516 corase.
1746 5475 1784 5516 22.
1796 5465 1872 5520 Prae·

95 5557 129 5619 ¹aa
175 5537 285 5592 invenio
303 5532 373 5605 apud
392 5535 536 5603 theologus.
556 5533 601 5587 Sic
615 5533 999 5608 tentacometntnptteart
1047 5549 1117 5593 terea
1144 5541 1216 5594 nulla
1244 5543 1345 5598 ratione
1364 5544 1492 5613 requisita
1512 5545 1703 5600 moderaminis
1721 5549 1872 5619 inculpatae

176 5623 203 5676 21.
214 5623 270 5674 loe·
281 5617 379 5672 naut.
403 5629 426 5672 2.
444 5633 472 5670 v.
502 5629 543 5672 22.
563 5619 674 5682 scribit,
694 5621 746 5675 dne
758 5637 816 5675 esee
834 5626 997 5695 quandoque
1050 5628 1144 5679 2222122
1162 5627 1246 5681 122222
1268 5627 1418 5685 inveniunt.
1437 5629 1556 5702 Namque
1575 5633 1664 5704 primo
1682 5649 1713 5685 et
1732 5633 1805 5704 alapa
1820 5651 1872 5688 non

171 5699 997 5780 praeceptura,quandoqeeccnsiiiumemngeiicum5etad·
1048 5712 1175 5768 imminet
1207 5711 1276 5769 221121
1305 5715 1452 5788 periculum
1472 5717 1581 5784 mortis,
1601 5733 1687 5790 neque
1706 5719 1757 5771 ulla
1775 5724 1874 5792 paritas
