4328 6270
165 281 225 356 e„
555 279 604 336 us
621 269 880 334 rensutstottts
898 267 1105 330 coarctare
1123 267 1372 328 ntssutsrotte.
1703 275 1757 352 tat

119 379 189 434 linrn
208 385 323 450 praestet
337 375 365 430 in
380 375 480 430 minori
498 391 610 429 summa.
624 371 699 426 Licet
716 380 804 423 antem
816 368 866 420 boc
879 383 940 420 crau
993 368 1045 420 tius
1062 367 1210 437 ignominia
1235 365 1363 432 ferenda,
1381 365 1544 440 praeprimis
1561 381 1622 422 cum
1639 367 1674 425 ab
1691 369 1738 426 illa
1757 389 1813 432 aaa

118 463 166 528 ia,
184 465 229 534 qui
250 463 338 516 minas
363 463 461 515 rurlum
486 461 589 523 sursit,
609 456 678 510 forte
697 471 751 508 non
770 463 889 508 teneatur
906 452 940 502 ad
992 451 1123 505 liberetur
1136 452 1257 506 abortum
1271 453 1465 510 committendo
1478 472 1555 510 uxor.

115 545 313 600 mutationem
334 545 425 610 illins,
442 543 476 598 ob
494 544 625 596 rationem
644 542 724 610 quie,
739 549 766 592 ut
777 536 942 606 negotiorum
1027 537 1099 588 llaec
1124 535 1230 592 fuerunt
1253 536 1280 590 b.
1299 539 1316 590 l.
1334 557 1400 609 quae
1422 538 1455 593 de
1479 541 1681 612 persuasionum
1707 543 1813 612 iuribus

121 629 328 698 gestor,ipains
340 626 443 696 negotia
454 627 560 680 utiliter
570 624 668 696 gessit,
687 623 735 679 rix
754 635 867 678 umens
881 637 942 690 pec·
991 635 1123 689 exponere
1140 619 1225 686 colai,
1244 620 1305 676 licet
1322 631 1409 676 entem
1428 625 1572 680 secundum
1599 628 1728 698 cujusque
1752 643 1810 682 me·

120 724 178 767 cato
191 711 283 766 morali
296 712 348 766 erit
359 709 497 764 immanis.
993 705 1105 758 thodum
1124 721 1179 757 non
1198 705 1232 760 sit
1247 705 1394 778 conscripta
1412 723 1537 780 praesens
1562 709 1729 781 disputatio,
1747 728 1812 782 per·

161 795 238 866 Idam
261 795 340 862 dions
359 797 384 850 rt
401 797 420 848 l.
437 794 518 850 mol.
539 805 581 848 tt.
599 789 709 846 humani
728 786 830 860 aliquid
849 803 942 860 pateus
992 807 1097 844 suasum
1115 799 1205 844 tamen
1228 790 1280 844 tibi
1304 792 1421 858 babeas,
1440 794 1512 848 nibil
1533 813 1648 866 ιιιηιιιιιι
1667 791 1811 852 ttttctttus

122 891 185 946 cst,
205 881 268 934 dum
294 890 388 952 putat,
412 880 495 934 licere
518 877 627 932 studere
650 875 862 932 fornicationem
887 872 942 928 tire
993 875 1093 940 fuisse,
1111 893 1189 945 qnam
1207 875 1333 930 omnibus
1351 879 1493 949 placuisse,
1513 896 1563 934 nec
1581 879 1670 951 magni
1689 897 1812 937 summm

120 974 263 1038 stuprum,
283 976 314 1018 ut
337 965 451 1022 evitetur
476 963 657 1028 adulterium,
682 971 709 1016 et
731 971 799 1016 tom.
820 971 842 1012 t.
862 970 896 1014 tr.
918 973 941 1013 ι.
993 971 1019 1014 et
1036 958 1126 1025 istud,
1145 960 1223 1014 modo
1246 961 1405 1016 utilissimae
1423 962 1489 1015 buic
1508 963 1633 1018 materiae
1651 963 1685 1016 ed
1703 965 1814 1019 deside·

119 1050 168 1106 obi
194 1049 317 1104 concedit
339 1049 449 1104 euadere
470 1050 593 1102 abortum
618 1045 750 1111 mulieri,
767 1061 836 1116 qnae
853 1054 943 1115 parate
995 1042 1066 1096 rium
1085 1061 1117 1096 er
1135 1058 1195 1096 aare
1211 1043 1360 1098 satisfacere
1380 1046 1450 1099 sires
1468 1047 1679 1112 conceaaittent3
1697 1048 1813 1119 proinde

119 1136 188 1188 alies
204 1143 263 1187 erat
280 1133 332 1186 sibi
352 1133 406 1203 ipsi
424 1145 534 1203 propter
553 1130 730 1200 ignominiam
745 1130 942 1185 violentasma·
994 1137 1054 1182 ιιι
1073 1127 1098 1182 b.
1117 1129 1136 1180 l.
1155 1128 1261 1182 reniam
1287 1129 1367 1183 istius
1385 1131 1425 1184 rei
1444 1145 1487 1184 ure
1506 1129 1711 1202 impetraturam
1729 1127 1814 1184 confi·

120 1235 173 1270 nua
192 1216 301 1272 inferre.
319 1215 387 1270 Nam
411 1233 470 1270 cum
495 1217 545 1268 boc
568 1232 629 1270 casu
654 1224 778 1270 neutrum
798 1213 891 1286 potins
907 1213 945 1266 ait
995 1211 1028 1263 do
1034 1249 1045 1278 ,
1058 1223 1086 1267 ut
1097 1212 1169 1265 enim
1183 1213 1212 1265 in
1225 1213 1345 1286 magnis,
1359 1214 1397 1266 ita
1410 1221 1438 1266 et
1449 1213 1480 1266 in
1492 1213 1535 1268 bis
1547 1214 1661 1274 voluisse
1670 1225 1715 1272 rat
1726 1224 1774 1268 est.

123 1300 295 1366 faciendum,
314 1303 400 1356 multo
419 1301 509 1356 minus
528 1303 641 1356 alterum
659 1298 945 1372 eligendomeritfflo·
1316 1297 1337 1350 t
1357 1299 1370 1351 1
1388 1297 1413 1353 ll
1433 1300 1445 1352 l
1465 1299 1493 1354 S.

592 1472 925 1550 otsettrarto
959 1468 1170 1548 DECIMA
1203 1472 1349 1550 NONA

436 1592 1506 1768 uuucunuuuuum

644 1834 737 1903 VON
771 1831 1303 1904 CREDIT-Htttttnttttosstt.

694 2013 747 2059 me
763 2013 848 2057 1111.
864 2015 948 2058 tunt
964 2013 1047 2056 filflfo
1064 2011 1267 2059 noctxxvttt.

831 2157 1112 2204 ΗΗΜΜΜΙ

536 2281 773 2354 JOAClIlith
797 2281 992 2366 HOPPIO,
1016 2281 1414 2354 PUTLtzt-tttttctt.

703 2440 1248 2488 ψ-

723 2597 1220 2694 PnAEnoQururr.

130 2723 215 2851 Est
238 2777 326 2846 inter
349 2775 525 2870 praecipua
548 2775 689 2846 humani
714 2779 819 2848 animi
842 2783 929 2848 bona
982 2783 1063 2864 cles,
1092 2793 1126 2850 et
1154 2782 1234 2852 hinc
1260 2790 1448 2850 constanter
1474 2775 1659 2844 retinenda.
1693 2779 1807 2848 Tacit.

130 2867 265 2936 Hister.
299 2897 328 2936 ι.
353 2893 384 2938 c.
416 2869 465 2935 rb.
490 2867 523 2934 6.
549 2868 685 2961 Quippe
715 2871 816 2939 unico
848 2871 908 2940 hoc
956 2875 1046 2942 ulcro
1071 2875 1194 2940 nititur
1221 2895 1392 2963 compages
1415 2867 1562 2958 reipubl.
1588 2869 1655 2934 imo
1677 2870 1813 2936 societas

130 2961 168 3024 in
193 2961 392 3026 uuiversum
414 2957 534 3024 omnis.
559 2960 629 3026 Ubi
652 2963 741 3028 enim
766 2961 922 3052 perfidiae
946 2977 1036 3055 patet
1059 2963 1171 3045 locus,
1194 2964 1244 3031 ibi
1267 2961 1447 3032 sceleribus
1475 2959 1632 3026 omnibus
1661 2981 1728 3026 nou
1757 2981 1812 3026 oc·

130 3049 218 3130 clusa
245 3051 297 3116 via
320 3051 404 3128 erit,
421 3048 478 3116 sed
492 3062 602 3140 parata
627 3055 737 3138 potius
751 3054 940 3122 certissima.
956 3055 1022 3123 Nec
1039 3056 1075 3120 in
1094 3055 1230 3145 publica
1255 3070 1386 3121 tantum
1404 3051 1490 3130 fide,
1507 3049 1562 3116 sed
1579 3061 1612 3114 et
1630 3049 1664 3115 in
1682 3049 1813 3141 privata

133 3139 284 3206 eamdem
309 3139 444 3208 subesse
466 3139 564 3206 credo
589 3143 805 3232 religionem,
831 3143 932 3228 adeo,
957 3159 997 3212 ut
1021 3157 1200 3238 utramque
1223 3166 1290 3211 non
1315 3156 1475 3210 servatam
1499 3140 1641 3232 graviori
1666 3138 1806 3206 arbitrio

136 3229 302 3298 vindicare
325 3228 445 3296 debeat
469 3229 583 3318 judex.
606 3232 709 3322 Quod
732 3235 759 3300 si
784 3234 873 3300 enim
896 3259 957 3304 nec
981 3236 1096 3326 hospes
1119 3237 1161 3301 ab
1185 3235 1315 3326 hospite
1339 3247 1447 3315 tutus,
1464 3246 1497 3298 et
1514 3231 1655 3297 fratrum
1676 3252 1813 3324 quoque

137 3340 210 3384 rare
234 3321 357 3409 gratia,
383 3343 472 3409 qnae
496 3320 700 3410 reliquorum
729 3325 854 3391 civium
884 3327 971 3393 inter
993 3351 1026 3394 se
1048 3326 1169 3391 fiducia
1198 3329 1262 3393 erit
1292 3347 1327 3391 ac
1355 3319 1552 3390 concordia?
1580 3320 1693 3412 Serpit
1721 3321 1813 3386 euim

133 3410 292 3499 privatim
321 3410 440 3477 violata
468 3408 547 3476 fides
576 3413 737 3497 ulterius,
761 3427 815 3500 et,
840 3417 876 3481 ni
905 3415 1095 3484 vindicetur
1123 3416 1229 3482 scelus
1258 3415 1294 3484 in
1324 3431 1492 3504 tempore,
1523 3409 1649 3478 radices
1676 3411 1748 3501 agit
1776 3410 1813 3476 iu

134 3509 266 3564 tantum
279 3549 288 3580 ‚
313 3517 350 3567 ut
381 3512 414 3566 et
442 3499 584 3655 principi
608 3503 741 3570 tandem
765 3505 919 3598 obsequii
944 3506 1023 3573 fides
1045 3506 1150 3573 dubia
1175 3505 1342 3572 reddatur.
1372 3502 1466 3594 Quid
1494 3503 1584 3569 cuim
1611 3497 1814 3592 sperandum

134 3591 262 3679 copiti,
292 3591 321 3656 si
350 3613 436 3656 mem
464 3612 497 3654 ra
530 3592 726 3660 cohaereant
753 3596 863 3678 male,
892 3609 925 3662 et
956 3596 1039 3662 alter
1066 3595 1202 3662 alterius
1235 3593 1407 3686 perfidiose
1440 3592 1623 3659 meditetur
1655 3585 1813 3656 ruinam?

134 3677 234 3767 Quod
260 3679 287 3745 si
315 3703 390 3746 vero
417 3679 543 3746 civium
570 3685 804 3777 unusquisque
832 3684 940 3752 officio
962 3709 1022 3754 suo
1046 3687 1203 3777 fungatur
1226 3709 1268 3752 ex
1291 3684 1426 3767 debito,
1455 3695 1489 3749 et
1517 3681 1643 3749 socialis
1671 3677 1813 3746 foederis

133 3791 284 3852 nexum,
307 3770 405 3836 fidem
436 3787 537 3860 puto,
571 3777 751 3841 servaverit
781 3775 969 3860 illibatum,
994 3780 1060 3866 jam
1090 3797 1157 3842 non
1187 3775 1330 3866 amplius
1354 3775 1441 3841 inter
1469 3773 1587 3841 fratres
1610 3793 1682 3837 rara
1706 3770 1812 3860 gratia

134 3860 221 3942 erit,
245 3859 299 3926 sed
324 3860 531 3927 familiaritas
555 3862 631 3946 illa,
656 3889 756 3956 quam
781 3865 868 3933 inter
892 3866 1042 3934 homines
1064 3866 1277 3933 constitutam
1307 3865 1414 3933 voluit
1437 3877 1578 3942 nature,
1608 3857 1814 3950 postliminio

134 3949 340 4018 restituetur.
364 3949 390 4016 Ι.
417 3950 449 4015 3.
461 3951 510 4040 ff.
534 3951 575 4018 de
589 3957 625 4045 j.
649 3971 683 4020 et
701 3956 735 4045 j.
759 3955 1012 4047 Conspirabuut
1035 3957 1094 4023 hoc
1118 3969 1212 4047 pacto
1235 3957 1407 4023 harmonia
1432 3955 1509 4021 satis
1532 3952 1661 4042 egregia
1687 3950 1723 4014 in
1747 3970 1813 4040 pu-

136 4037 261 4106 blicum
288 4041 415 4108 bonurn
439 4051 473 4105 ct
496 4041 560 4108 fide
584 4058 703 4112 mutua
726 4051 798 4138 ejus
822 4047 1067 4136 promovebunt
1090 4045 1281 4132 commoda,
1305 4057 1469 4152 quotquot
1492 4064 1559 4110 nou
1589 4039 1744 4107 malitiosi
1768 4039 1816 4104 oi-

138 4151 194 4196 res
217 4129 335 4199 audire
358 4129 485 4196 malint.
509 4133 637 4226 Utique
660 4135 721 4204 hoc
744 4154 836 4226 pacto
861 4137 894 4202 in
921 4136 1055 4228 republ.
1079 4149 1152 4202 tuta
1176 4136 1254 4204 fides
1278 4153 1363 4220 erit,
1411 4157 1473 4200 uae
1496 4133 1622 4224 alioqui
1648 4151 1814 4220 nusquam

136 4233 222 4288 tuta.
248 4219 313 4288 Nec
337 4233 409 4288 tuta
432 4223 577 4314 amplius
600 4223 829 4319 frequensque
853 4227 905 4294 ria
928 4229 1013 4307 erit,
1038 4250 1096 4318 per
1119 4227 1216 4294 amici
1241 4250 1363 4295 nomen
1385 4160 1523 4304 iallcre,
1545 4221 1622 4288 licet
1641 4219 1709 4310 'boc
1780 4231 1821 4285 r-'

135 4309 211 4376 fidis
235 4311 269 4377 in
295 4334 386 4380 more
409 4311 549 4402 positum
573 4317 637 4397 sit,
667 4339 704 4382 ac
732 4320 867 4407 penitus
895 4319 1069 4384 familiare.
1094 4314 1184 4385 Cum
1212 4317 1326 4410 itaque
1348 4313 1446 4380 fidem
1475 4311 1597 4378 babere
1620 4309 1717 4378 alteri
1738 4242 1815 4374 ieeu-

135 4400 246 4468 dauda
271 4425 322 4468 res
345 4403 406 4468 sit:
433 4405 499 4467 imo
523 4407 701 4478 necessaria
727 4432 831 4499 quarn
854 4409 1023 4489 maxime,
1046 4433 1123 4476 cum
1152 4429 1221 4473 non
1250 4429 1379 4496 semper
1409 4403 1553 4470 liumana
1583 4399 1738 4466 admittat
1761 4399 1816 4466 in·

136 4489 332 4582 dulgentia,
355 4491 527 4560 confestim
550 4494 737 4563 satisfacere
759 4499 834 4580 illi,
858 4523 875 4564 a
900 4521 969 4590 quo
993 4497 1056 4566 tibi
1079 4501 1228 4566 succurri
1274 4497 1356 4581 eris,
1380 4492 1630 4585 iniquissimum
1655 4509 1750 4568 vero,
1774 4501 1814 4556 ut

135 4605 178 4648 er
202 4583 263 4648 bac
286 4605 344 4648 sua
367 4581 526 4649 damnum
551 4586 670 4650 sentiat
693 4586 832 4674 fiducia,
856 4589 883 4654 si
906 4589 1109 4679 reciprocum
1134 4588 1218 4654 alter
1241 4521 1456 4679 ‹iinegaverit
1482 4579 1653 4664 officium,
1676 4577 1817 4645 sollicita

139 4671 235 4738 fuere
259 4674 331 4762 jura
343 4721 353 4752 ,
377 4693 448 4762 quo
470 4670 671 4741 medicinam
696 4690 850 4766 pararent
873 4679 959 4744 malo
982 4703 1021 4743 ex
1047 4679 1163 4744 violate
1188 4675 1253 4743 fide
1276 4675 1431 4743 oriundo.
1455 4671 1574 4762 Qualis
1597 4669 1654 4738 illa
1678 4667 1818 4734 medici·

140 4785 184 4829 na
210 4761 350 4828 violatae
373 4761 449 4828 fidei
473 4763 537 4846 sit,
561 4767 698 4859 etquid
724 4768 806 4860 juris
830 4784 927 4872 rupta
951 4768 1073 4835 fiducia
1096 4768 1200 4859 priori
1223 4766 1360 4832 domiuo
1382 4779 1543 4855 competat
1556 4810 1566 4841 ‚
1591 4759 1626 4826 id
1648 4757 1818 4848 collegisse

137 4876 181 4918 ac
198 4849 391 4944 digessisse,
414 4874 553 4942 operae,
570 4866 607 4920 ut
624 4871 726 4947 puto,
748 4879 817 4923 uon
841 4871 906 4925 erit
929 4857 1197 4925 contemnendae.
1220 4855 1306 4922 tlibi
1329 4879 1404 4923 ctum
1429 4856 1546 4919 iterato
1569 4847 1726 4918 exercitio
1741 4869 1819 4938 pro·

140 4941 250 5010 banda
275 4941 461 5008 studiorum
484 4942 605 5010 fiducia
632 4959 735 5032 esset,
782 4947 882 5014 lacuit
905 4971 1056 5038 praesens
1080 4947 1212 5032 thema,
1236 4945 1388 5038 vulgatae
1417 4943 1553 5036 quidem
1582 4959 1738 5032 praxeos,
1761 4937 1819 5006 sed

136 5031 296 5112 rarioris,
320 5033 355 5098 ui
381 5031 497 5116 fallor,
518 5037 737 5104 tractationis.
757 4969 802 5102 id
826 5037 924 5103 modo
946 5039 1119 5128 displicuit
1142 5035 1247 5119 mibi,
1263 5036 1354 5128 qnod
1371 5035 1483 5140 paucis
1499 5031 1579 5098 adeo
1594 5029 1712 5098 diebus
1729 5027 1818 5095 idem

136 5121 370 5191 conscribendi
388 5147 441 5188 me
457 5124 751 5218 circumscripserit
766 5129 959 5215 necessitas,
983 5147 1017 5196 et
1040 5150 1146 5194 moras
1171 5128 1261 5196 euim
1285 5126 1459 5193 ulteriores
1482 5135 1515 5189 et
1537 5143 1652 5276 operas
1674 5119 1817 5184 exactio·

138 5237 192 5280 res
216 5212 277 5279 hoc
301 5211 408 5280 thema
433 5217 621 5283 meruisset.
646 5219 803 5284 Attamen
827 5242 901 5283 cum
926 5242 992 5284 non
1016 5219 1081 5285 nisi
1110 5218 1310 5286 benevolum
1339 5228 1526 5306 exspectem
1567 5223 1727 5288 actorem,
1751 5229 1820 5273 uon

138 5301 313 5369 difficilem
345 5304 387 5368 ab
415 5325 453 5369 eo
482 5305 564 5372 mibi
594 5309 753 5398 promitto
774 5308 926 5391 veniam,
954 5309 981 5375 si
1005 5308 1124 5391 fidem,
1147 5308 1269 5374 studiis
1291 5307 1374 5372 meis
1398 5303 1698 5409 qualibuscumque
1721 5296 1819 5363 habi·

139 5413 235 5472 tam,
259 5393 371 5484 aliqua
395 5413 436 5459 ex
460 5408 552 5484 parte
576 5395 701 5466 fellero.
730 5395 910 5491 Nunquam
940 5399 1032 5466 enim
1058 5395 1219 5489 perfidum
1248 5393 1438 5465 aestimabit
1464 5416 1562 5474 eum,
1585 5392 1667 5482 qui,
1692 5399 1731 5452 ut
1755 5385 1819 5452 fide

142 5483 258 5552 habita
283 5507 318 5549 se
341 5481 482 5565 liberet,
506 5487 674 5572 intendit,
698 5487 794 5568 licet,
819 5501 858 5554 ut
881 5513 915 5554 se
939 5488 1082 5558 liberare
1108 5502 1276 5582 nequeat,
1293 5489 1359 5554 fato
1375 5485 1444 5550 fiat.
1463 5483 1493 5549 fi
1509 5495 1542 5570 te
1559 5504 1656 5566 vero,
1671 5478 1816 5545 clemen·

141 5576 269 5642 tissime
292 5576 446 5658 Numen,
472 5577 568 5642 unica
585 5576 659 5644 fidei
678 5591 807 5646 nostrae
830 5579 991 5669 anchora,
1015 5579 1179 5648 auxilium
1204 5577 1346 5670 imploro
1368 5573 1531 5670 supplex,
1548 5595 1633 5664 quo,
1656 5567 1747 5663 quod
1762 5590 1817 5633 sa·

142 5667 233 5758 accpi
258 5665 452 5756 negotium,
475 5661 570 5732 cedet
591 5666 750 5735 feliciter!

265 5767 370 5841 sisyro
388 5769 449 5824 vet
466 5772 523 5824 111.
708 5761 713 5772 ’
821 5825 822 5830 ι
1179 5763 1185 5772 ·
1424 5765 1430 5772 ·
1552 5773 1555 5780 ’
1591 5781 1626 5844 ιιΙ
1671 5761 1698 5800 ι’
