4404 6242
213 323 265 396 iis

158 437 201 474 see
223 429 370 474 comsactns
393 431 464 477 cante
488 435 580 492 gerere
603 433 636 472 au
654 413 818 470 confirmare
844 413 980 481 debennt,

156 509 357 578 perveniamus,
376 506 501 560 nonnulla
514 505 546 558 ale
561 504 746 558 contractibus
764 501 982 554 consensuaiibus

90 620 121 663 p,
160 591 321 644 ridebimus.
340 593 427 644 llosre
446 589 580 660 periectos
598 606 671 652 esse,
692 587 799 640 etiamst
812 584 885 638 nulia
900 583 983 636 iuter·

158 677 248 730 veniat
266 677 413 747 scriptura,
433 676 568 730 nemiuem
589 691 686 742 negare
705 671 831 726 arbitror.
852 669 907 720 rial.
925 667 982 720 Gn·

158 761 227 814 ootr.
241 762 279 814 nti
290 764 310 813 t.
323 773 363 814 tt.
376 779 398 814 e.
411 762 444 814 de
455 759 553 828 pectis.
565 760 647 812 ueluti
667 759 748 810 eliam
768 756 796 808 in
817 771 918 808 rasuera
931 754 983 806 ele·

158 845 251 898 ctorali
265 861 334 897 sonu
350 843 643 898 ceremonensem
659 841 712 894 iere
727 839 893 894 formalibus:
913 837 984 894 Weil

168 929 334 982 Geertskerrs
346 931 505 983 eiusvendeo
518 927 592 980 uiclat
609 925 743 980 attention
757 921 895 994 defundere
914 941 983 976 svor·

162 1011 232 1074 den,
247 1013 276 1066 ira
296 1012 429 1065 Auseheu
448 1013 514 1066 aines
529 1013 652 1080 scripuras
673 1011 748 1062 uiolet
772 1009 805 1062 de
828 1007 984 1062 aahssoau'u

165 1105 340 1160 contractas,
366 1097 421 1152 aott
447 1098 582 1152 Goertske
604 1092 886 1162 settattarnmrffaa
914 1094 985 1148 omia

88 1187 123 1231 ιι
161 1181 254 1236 diesen
270 1185 333 1236 lieet
351 1181 397 1234 das
410 1182 519 1236 Iluberr
538 1181 704 1247 obnatropen
723 1177 848 1246 selauldig
864 1193 941 1246 sepo.
954 1177 985 1230 Si

164 1268 238 1322 enim
258 1267 350 1320 borasan
369 1275 551 1320 contractuum
570 1277 688 1322 natsaram
707 1263 885 1334 introspicere
903 1263 985 1322 lieet.

167 1349 292 1414 suffieit,
310 1369 359 1404 nes
377 1353 446 1406 cirea
465 1369 556 1406 essarto
577 1349 741 1402 validitatem
755 1348 787 1400 de
799 1347 915 1417 partium
927 1363 987 1398 eon·

168 1437 313 1492 traeortnm
332 1453 461 1490 cousensus
480 1434 611 1488 aotttcttos
624 1449 690 1487 esse.
702 1451 744 1500 pr.
756 1431 797 1484 tit.
809 1430 873 1484 toas.
885 1432 919 1482 de
929 1429 986 1482 est.

93 1543 125 1584 ιι
166 1539 203 1576 ιιι
222 1535 298 1573 eous.
318 1519 397 1572 Enim
418 1536 477 1572 reso
496 1537 555 1572 ιιιιιι
572 1517 689 1587 quilibet
707 1515 747 1569 rei
765 1532 826 1568 suae
844 1514 928 1581 legem
943 1513 984 1566 di·

167 1622 227 1660 cere
244 1617 340 1675 queat,
359 1605 542 1658 contrahentes
566 1603 647 1656 etiam
673 1599 853 1654 contractibus
875 1615 986 1652 muren-

168 1691 257 1744 tinnea
274 1687 392 1755 adiicere
410 1705 502 1758 posse,
516 1688 604 1740 natlua
621 1687 725 1739 dubito.
744 1687 783 1737 lta
799 1683 906 1754 saepius
920 1699 986 1736 uon·

168 1773 236 1826 nulli
254 1772 427 1832 contrahunt,
440 1780 589 1824 contractas
607 1769 809 1824 subsistentiam
830 1787 883 1822 nou
903 1769 989 1822 satem

170 1857 281 1915 deluere.
300 1857 354 1908 oiri
375 1855 510 1926 scriptura
528 1855 731 1917 intercesserit,
750 1853 778 1906 in
796 1870 907 1923 ermque
926 1869 988 1906 coo·

168 1949 266 1992 trantus
281 1937 381 1992 redacti
402 1936 518 1998 inerinte
533 1936 669 1990 nonnullis
682 1953 741 1989 sere
753 1943 918 1989 contrarium
931 1939 987 2008 pla-

168 2036 217 2078 cet.
232 2025 310 2077 Prior
322 2023 476 2082 consentio,
489 2021 512 2072 ai
528 2021 636 2091 probari
650 2020 765 2089 poterit,
777 2021 906 2088 otttgano
920 2037 987 2072 non·

168 2110 230 2162 aium
244 2107 329 2162 salida
342 2107 404 2165 erit,
414 2106 468 2158 nisi
481 2104 691 2157 instrumentum
705 2102 988 2174 desuperconiectum,

169 2193 318 2247 coniectum
336 2191 364 2242 in
385 2189 512 2242 mundum
532 2188 663 2244 rerlaetnns
683 2197 710 2240 et
731 2187 847 2258 partium
867 2186 987 2239 subscri·

170 2277 290 2332 tionibus
309 2275 442 2328 munitum
463 2271 555 2336 inerit,
567 2272 585 2322 l.
602 2284 644 2324 tr.
656 2287 679 2324 c.
693 2269 796 2341 defids
807 2272 883 2324 tour.
898 2268 989 2339 ibique

170 2361 216 2416 de.
235 2360 337 2414 liruoo.
364 2361 465 2427 hocque
488 2357 554 2412 adeo
578 2373 667 2410 rerum
688 2367 746 2420 est,
766 2366 794 2409 ut
811 2365 839 2408 et
857 2354 990 2426 pendente

169 2444 342 2500 instrumenti
360 2441 528 2496 corsiectione
545 2440 722 2511 poenitentiae
741 2439 875 2494 incussit.
893 2438 989 2506 Carpe.

170 2545 197 2600 p.
217 2537 242 2578 2.
259 2543 282 2579 e.
303 2538 345 2580 ιι.
362 2523 417 2594 desi
440 2535 480 2578 ss.
499 2523 606 2592 illieque
620 2523 648 2575 iss
662 2523 842 2593 praejudicio:
863 2523 990 2580 Dereme·

169 2628 220 2680 pen
239 2609 288 2662 der
310 2607 494 2678 Verkeeaffer
509 2607 672 2661 nocimelaic
689 2627 722 2662 eu
742 2609 892 2679 poenitireu
919 2607 992 2661 molal

170 2691 264 2763 besagt
275 2693 328 2759 ist,
341 2695 443 2747 ratione
461 2691 552 2759 ducti,
570 2691 640 2762 quod
658 2693 785 2762 caajosqne
805 2701 954 2746 contractus
967 2703 992 2748 et

170 2778 357 2830 consentionis
378 2775 487 2830 initium
513 2775 689 2845 spectandum
714 2773 752 2826 sit
776 2772 809 2827 ad
833 2773 992 2842 dignoscen-

172 2861 234 2914 dam
246 2863 304 2928 ejus
318 2868 440 2912 naturam
458 2868 485 2911 et
502 2858 660 2927 qualitatem
678 2857 697 2910 1.
717 2871 743 2910 ι.
759 2855 789 2911 ie
807 2875 850 2925 pr.
859 2856 901 2927 ff
914 2875 992 2914 ιιιιιιι-

174 2943 235 2998 dart
252 2945 271 2996 i.
295 2954 316 2996 1.
334 2950 356 3006 ς.
379 2940 468 3011 suff.
489 2941 614 3012 depositi.
638 2941 715 2996 Cossi.
740 2942 834 3014 Carpe.
855 2944 881 2997 ai.
901 2945 919 2996 i.
939 2945 991 2998 Po·

174 3029 272 3082 sterion
289 3027 430 3080 consentio
448 3036 522 3081 certa
541 3034 568 3078 et
586 3025 672 3080 salida
691 3027 760 3090 erit,
778 3029 837 3080 solo
854 3038 993 3082 constante

175 3127 306 3168 censensu
316 3151 323 3174 ,
334 3111 464 3180 nulloque
476 3111 673 3163 interueniente
686 3111 839 3181 poenitendi
850 3123 918 3164 actu.
931 3115 991 3165 Jam

174 3194 342 3258 uidebimus,
359 3194 493 3264 quomodo
511 3192 716 3265 analphabetos,
729 3193 752 3246 si
766 3203 840 3248 eaute
858 3195 994 3248 contrahe·

175 3295 206 3332 se
223 3279 303 3340 velit,
324 3277 459 3330 taliamodi
477 3285 632 3330 contractos
648 3278 781 3331 celebrare
797 3279 881 3348 possit
898 3287 927 3332 et
945 3277 994 3330 de·

176 3357 254 3414 best?
276 3359 316 3412 De
335 3361 384 3412 bac
404 3359 516 3412 materis
534 3375 594 3411 oum
614 3357 643 3411 iu
661 3359 717 3423 iure
735 3359 801 3412 satis
817 3361 889 3412 clare
905 3357 994 3429 dispo·

175 3445 259 3496 situm
277 3457 417 3494 cernamus
435 3439 627 3510 dispositiones
654 3440 717 3494 illas
741 3440 769 3492 in
796 3441 913 3494 merliuan
932 3459 995 3510 pro·

173 3527 270 3580 elucere
287 3527 384 3596 placet.
404 3525 480 3578 Dicit
499 3526 645 3596 imperator
664 3525 693 3578 ιἰι
713 3543 782 3578 noas.
803 3537 845 3578 11.
862 3524 952 3596 preest
969 3535 995 3580 et

176 3629 200 3666 e.
217 3623 239 3664 t.
250 3611 452 3682 analphabetam
471 3611 627 3664 contrahere
642 3611 773 3666 nolentem
793 3611 943 3676 notarium,
961 3610 994 3663 li·

178 3707 222 3752 oet
241 3697 357 3749 hleiatus
378 3709 402 3750 s.
420 3703 447 3747 es
465 3706 490 3749 s.
510 3697 628 3766 Pomp.
647 3693 714 3748 aluos
732 3693 776 3746 bic
794 3695 934 3762 requirat,
952 3711 995 3747 as·

178 3795 282 3836 surum
301 3795 396 3849 posse,
421 3779 468 3848 qni
494 3796 542 3849 pro
566 3778 627 3849 ipso
652 3777 822 3842 subscribat,
840 3794 871 3831 ac
889 3793 951 3831 sere
967 3785 996 3830 et

183 3863 289 3918 sincere
307 3864 378 3916 inter
395 3860 598 3924 contrahentes,
617 3859 640 3914 si
658 3861 857 3926 neceesarium,
873 3870 929 3915 acta
948 3858 995 3912 de·

182 3954 324 3998 monstret.
349 3945 551 4000 subsistendum
569 3943 615 3996 bie
639 3945 834 4013 aliquantulum
853 3953 998 4014 putamus,

179 4040 205 4082 et
224 4030 258 4084 de
275 4029 388 4082 notariis
405 4029 493 4099 aliqua
513 4027 618 4082 reiecta
635 4031 738 4101 piacet,
757 4046 823 4098 qnae
839 4031 908 4083 circa
926 4031 998 4082 anal·

179 4116 356 4187 phabetorum
374 4125 525 4168 motraems
540 4116 695 4180 obaereatu,
714 4115 869 4168 necessaria.
884 4114 999 4178 Notarii,

179 4217 246 4270 quos
265 4203 344 4253 etiam
365 4202 519 4255 satetttonea
536 4216 658 4254 suumne
673 4216 723 4269 per
743 4201 770 4252 el.
796 4217 863 4253 nee.
890 4201 998 4271 ipsimet

180 4285 362 4338 contrahentes
379 4283 454 4337 adire
474 4286 618 4351 jubentur,
637 4295 661 4336 et
680 4285 834 4352 neutiquam
853 4283 1000 4354 discipulos

179 4380 223 4422 ssst
242 4368 395 4421 substitutos
413 4370 543 4433 mittere,
561 4385 595 4420 nc
612 4367 778 4439 anslpltabeti
799 4367 907 4422 dicentii
926 4383 1000 4421 occa·

180 4427 281 4504 sioneiu
301 4450 452 4519 arripiunt,
471 4450 562 4505 dolose
584 4461 639 4504 acta
666 4469 743 4516 esse,
762 4469 828 4522 qaae
851 4464 909 4505 aeta
928 4461 1001 4504 suos.

182 4535 375 4604 bnalphahetoa
392 4533 471 4588 etiam
489 4546 533 4588 aut
550 4538 656 4605 quossis
670 4536 767 4590 idiotas
785 4539 825 4590 sel
847 4536 1000 4602 itineratus,

180 4618 203 4670 si
229 4615 283 4670 tta
308 4619 397 4686 iubete
420 4629 467 4672 aut
491 4619 573 4674 alium
598 4631 684 4674 actam
710 4620 844 4674 celebrare
870 4620 1000 4686 debeant,

182 4704 307 4758 certiores
325 4704 434 4759 resialent
451 4703 484 4758 de
504 4703 645 4760 beneficiis
668 4707 736 4777 ipsis
762 4708 1000 4776 competentibus,

182 4803 242 4838 mm
261 4785 297 4838 iis
315 4787 472 4839 renunciare
489 4786 599 4848 debent,
612 4789 796 4851 ammenti,
815 4792 1000 4860 exceptionem

182 4887 236 4922 non
255 4869 333 4924 iactae
351 4869 545 4923 certioratiuois
561 4887 695 4942 opponere
711 4883 822 4941 queunte
838 4873 938 4944 qnippe
956 4872 1001 4926 be·

182 4951 340 5008 nebrionun
360 4955 528 5006 renunciatio
543 4955 570 5006 in
583 4956 707 5009 omatibus
724 4957 886 5028 praeprimis
901 4961 930 5010 in
945 4975 997 5010 ma*

185 5040 253 5092 teria
278 5035 478 5107 fidejussionis,
496 5038 581 5092 lenum
606 5038 703 5092 habere
727 5041 839 5110 nequit,
858 5041 882 5092 si
900 5057 988 5094 eenun

184 5123 259 5174 olaus
277 5122 310 5174 de
330 5117 468 5174 benefieiis
486 5121 542 5173 suis
567 5137 619 5173 non
636 5119 719 5176 inerit
744 5122 908 5176 certioratus.
927 5122 1001 5176 Gail.

184 5204 232 5258 lid.
248 5216 272 5258 ι.
284 5205 343 5260 obs.
364 5215 403 5256 ιι.
422 5221 450 5256 ιι.
473 5214 513 5254 st.
537 5203 658 5256 Pruebm.
676 5221 752 5258 cens.
768 5217 791 5258 ι.
805 5223 834 5258 u.
848 5215 891 5258 st.
904 5215 932 5258 ιι
943 5219 1001 5276 erp.

186 5306 218 5354 es
236 5289 360 5358 ratione:
378 5288 440 5355 quia
466 5285 591 5356 ignorans
614 5287 793 5351 renunciare,
817 5303 938 5342 teodure
955 5299 1002 5343 aui

186 5374 329 5442 repudiare
347 5375 389 5440 jus
407 5386 482 5424 aarum
501 5387 554 5424 nen
573 5382 713 5436 ιιιιιιιιιι,
736 5371 799 5425 seh.
818 5370 897 5440 Bapt.
922 5371 1001 5428 cesta

188 5459 222 5510 aie
235 5455 256 5524 ι’.
274 5452 340 5524 ets
357 5453 519 5525 ignorantie
538 5454 605 5521 irrep.
626 5466 669 5506 ss.
688 5473 716 5508 ιι.
738 5469 758 5509 t.
777 5467 804 5508 et
820 5471 892 5527 seqq.
910 5475 1002 5512 necno·

188 5559 239 5612 que
256 5557 306 5605 ea,
323 5537 460 5609 quaesibi
479 5548 628 5608 competere
648 5541 752 5604 oesuit,
773 5539 908 5593 remittere
926 5557 1002 5610 prae·

113 5664 149 5710 ῃ
189 5627 303 5680 sumitur
332 5625 352 5676 i.
374 5635 415 5676 ιι.
428 5619 470 5693 ff.
486 5622 519 5676 ds
535 5621 630 5689 pectis.
657 5621 780 5692 adeoque
798 5625 827 5675 in
845 5641 876 5676 eo
893 5627 1001 5695 potissi·

188 5727 263 5766 muso
287 5707 342 5764 erit
364 5705 539 5760 constitutum
557 5707 721 5764 nemincum
739 5706 880 5775 onnam,
900 5719 929 5762 ιιι
947 5725 1001 5764 nass

573 320 622 376 DE
639 316 729 379 tunt:
750 313 1094 378 tnslrttltttttottnss
1114 314 1220 374 ctttcs
1242 311 1355 369 bC'l‘US
1374 327 1435 371 erc.

1746 323 1799 396 690

1031 415 1124 466 saltem
1140 411 1313 477 mulieribus,
1332 431 1397 482 qnae
1411 413 1597 487 anulphabetis
1610 417 1665 474 sire
1680 416 1773 474 idiotis
1788 423 1856 478 nm:

1034 498 1103 550 cim.
1122 499 1175 552 eol.
1196 507 1222 550 ι.
1239 513 1317 550 cona.
1337 508 1361 548 t.
1381 515 1409 550 ιι.
1431 511 1472 552 ss.
1491 511 1650 571 comparat,
1669 510 1697 556 el
1714 505 1856 574 quibusvis

1034 581 1127 634 idiotis
1143 595 1251 636 suorum
1269 601 1283 632 a
1301 583 1360 647 jure
1378 598 1562 636 concessorum
1582 583 1776 640 beneficiorum
1799 609 1854 644 me·

1034 667 1165 731 moriam,
1190 683 1223 718 ne
1249 665 1398 720 inconsulto
1423 669 1596 732 monument.
1623 671 1770 738 incutiant,
1789 675 1854 726 Vol·

1033 753 1105 806 clm.
1122 753 1156 806 de
1174 749 1319 821 informet.
1340 761 1432 806 noter.
1454 771 1481 819 p.
1512 767 1534 806 ι.
1560 772 1583 806 o.
1606 765 1629 807 t.
1655 775 1682 808 ιιΙ
1712 765 1737 807 ι.
1756 757 1809 812 Sed
1827 767 1856 813 et

1032 852 1126 888 esuries
1145 834 1273 886 terminos
1290 833 1420 901 juridicos
1440 836 1620 908 aualphabetis
1639 841 1786 909 eaptteeos,
1800 861 1856 897 eos·

1032 937 1084 990 qaae
1101 929 1229 989 quantum
1248 915 1309 970 beri
1330 928 1417 989 petest
1438 923 1573 974 teutonice
1589 926 1762 993 exprimant,
1781 928 1855 982 corsi.

1035 1004 1165 1058 Euarestus
1183 1001 1367 1054 Cutbmauuus
1390 1019 1458 1070 resp.
1485 1016 1525 1058 ιι.
1552 1025 1627 1060 arum.
1655 1019 1696 1060 ιι.
1724 1011 1775 1065 eoi.
1803 1013 1854 1065 IV.
1912 1011 1914 1016 ’

1034 1087 1148 1155 desuper
1173 1085 1380 1139 instrumentum
1406 1083 1571 1148 neniis-iant,
1591 1089 1693 1159 hocque
1710 1093 1854 1147 secundum
1893 1102 1925 1144 se

1035 1172 1257 1226 constitutionem
1265 1171 1447 1224 maximiliani
1459 1173 1632 1227 notationem
1645 1177 1678 1231 de
1689 1195 1766 1230 enno
1779 1190 1856 1233 tete.

1035 1259 1058 1324 §.
1080 1269 1121 1310 ss.
1138 1256 1261 1326 partibus
1280 1259 1449 1326 penelopem,
1463 1273 1496 1308 oe
1509 1268 1601 1311 contra
1620 1258 1686 1314 haec
1704 1273 1758 1316 aeta
1779 1279 1857 1316 exce·

1036 1344 1130 1410 ptione
1147 1341 1201 1394 doti
1220 1352 1265 1393 aut
1284 1342 1335 1394 alia
1361 1359 1389 1396 se
1416 1343 1484 1394 tueri
1509 1341 1628 1411 possint,
1647 1344 1731 1397 etita
1750 1355 1856 1400 contra·

1034 1439 1090 1480 utus
1104 1422 1172 1478 lisiea
1184 1435 1281 1498 pereat.
1298 1426 1395 1478 Decios
1407 1423 1508 1494 deside
1519 1426 1692 1481 instrument.
1707 1446 1729 1480 o.
1742 1439 1800 1483 1.ιι.
1815 1438 1854 1482 ιι.
1894 1452 1923 1496 ῃ

1036 1513 1095 1566 Alia
1108 1515 1264 1566 constitutio
1281 1522 1355 1565 estat
1374 1511 1403 1564 air
1423 1529 1485 1566 noe.
1505 1523 1546 1567 ts.
1565 1531 1587 1567 c.
1607 1525 1630 1566 s.
1651 1523 1679 1567 et
1694 1529 1748 1584 sep.
1768 1524 1794 1567 et
1812 1513 1854 1568 iu·

1036 1598 1068 1650 eta
1083 1596 1167 1667 petitu
1195 1598 1270 1650 nutis.
1294 1596 1345 1650 sesi
1366 1614 1443 1650 nevo
1457 1598 1559 1668 jures.
1577 1599 1685 1654 atcere.
1702 1608 1789 1666 petet.
1809 1599 1856 1652 ubi

1034 1684 1181 1752 imperator
1199 1681 1332 1734 notarium
1351 1696 1410 1732 cam
1423 1683 1542 1752 quinque
1561 1683 1691 1749 testibus,
1708 1683 1856 1754 iuterqnoa

1037 1777 1127 1820 tamen
1144 1765 1264 1818 soutarius
1283 1767 1532 1831 connumerabitur,
1547 1767 1610 1821 siin
1628 1767 1686 1820 loeo
1704 1767 1801 1838 aliquis
1816 1785 1857 1820 re·

1035 1857 1167 1928 periatur,
1186 1863 1230 1906 aut
1245 1851 1266 1904 ai
1280 1870 1332 1905 non
1352 1851 1438 1918 adsit,
1452 1854 1531 1904 alium
1551 1852 1703 1923 quempiam
1718 1854 1856 1906 literarum

1038 1939 1170 2012 perituro,
1189 1937 1235 2008 qui
1263 1937 1471 1990 inatmmentum
1494 1953 1546 2006 pro
1574 1937 1695 2007 portibus
1719 1937 1858 1992 illiteratis

1036 2019 1179 2090 conficiat,
1205 2023 1233 2076 in
1253 2021 1434 2074 contractibus
1451 2022 1687 2092 anulphabetorum
1707 2021 1852 2076 desiderat.

1038 2110 1080 2162 lili
1101 2119 1188 2162 autern
1210 2117 1290 2160 testes
1307 2117 1336 2159 ut
1355 2105 1539 2170 intercedant,
1557 2113 1670 2175 quatuor
1688 2107 1854 2172 conjunctim
1894 2125 1927 2170 aa

1036 2191 1225 2264 imperatorin
1244 2189 1477 2258 analphahetorum
1496 2189 1675 2244 contractibus
1694 2191 1822 2260 requirit,
1837 2207 1860 2243 ι.

1037 2289 1067 2332 nt
1083 2287 1230 2332 eoaatractus
1247 2271 1293 2329 bat
1311 2275 1344 2327 ah
1361 2271 1546 2345 assalpbaheto.
1566 2285 1590 2326 ι.
1608 2283 1637 2327 ιιι
1655 2282 1801 2327 contractus
1815 2270 1863 2330 bai

1038 2361 1067 2413 in
1085 2359 1197 2429 scriptis
1224 2371 1247 2411 ι.
1273 2358 1302 2408 in
1327 2355 1443 2409 eisltote.
1465 2365 1487 2407 1.
1506 2366 1536 2408 ιιι
1557 2373 1659 2408 summa
1678 2357 1736 2409 anri
1755 2356 1853 2410 libram

1039 2454 1155 2516 superet.
1174 2443 1293 2497 Primum
1312 2440 1472 2511 requisitum
1498 2439 1568 2508 qnod
1595 2449 1718 2510 spectat,
1736 2447 1862 2493 notanter
1899 2454 1930 2497 ιι

1039 2529 1139 2584 dieitur
1152 2549 1165 2581 a
1178 2528 1313 2581 literarum
1326 2525 1470 2595 imperitos
1490 2525 1512 2575 si
1531 2523 1605 2576 enlm
1615 2545 1629 2573 a
1645 2523 1784 2576 literarum
1798 2541 1862 2592 gna·

1039 2629 1070 2667 ro
1087 2609 1136 2666 bat
1151 2619 1318 2672 contractus,
1336 2618 1378 2662 aut
1396 2606 1545 2661 celebretur
1562 2607 1622 2660 sine
1641 2605 1764 2677 scriptis,
1784 2617 1861 2660 testea

1039 2708 1066 2751 et
1083 2701 1260 2765 juramentum
1282 2693 1327 2746 hie
1345 2691 1521 2746 interuenisse
1535 2688 1681 2743 suffecerit.
1697 2688 1723 2742 d.
1743 2707 1805 2744 noe.
1820 2701 1862 2742 ts.

1040 2793 1067 2838 et
1083 2782 1146 2836 iude
1164 2782 1305 2848 desumpta
1324 2775 1468 2832 cuthred
1485 2791 1561 2827 nouo
1577 2773 1647 2845 p'ure·
1662 2773 1771 2827 Diceres
1783 2789 1857 2837 sero,
1896 2807 1931 2852 η

1040 2875 1105 2938 quot
1123 2875 1202 2919 testea
1221 2863 1265 2916 hic
1283 2861 1449 2914 intervenire
1467 2855 1593 2928 expetis?
1611 2875 1671 2912 euru
1689 2858 1789 2910 ttantn
1805 2859 1861 2910 Ste-

1043 2950 1129 3019 phano
1147 2945 1177 3000 in
1195 2962 1293 3000 comm.
1319 2943 1357 2998 aad
1381 2943 1407 2996 d.
1432 2959 1501 2996 unu.
1519 2960 1547 2994 ιι.
1574 2949 1616 2994 ιι.
1635 2957 1791 3012 responsum
1819 2941 1863 2992 hs·

1043 3035 1113 3088 beto:
1133 3032 1177 3085 hic
1195 3032 1236 3098 ins
1254 3029 1393 3098 antiquum
1414 3042 1521 3078 manere
1539 3025 1637 3084 salsum
1658 3035 1684 3078 et
1701 3023 1766 3078 duos
1784 3033 1864 3078 testes

1042 3116 1108 3170 satis
1125 3129 1183 3166 esse
1202 3113 1222 3165 l.
1243 3121 1283 3164 11.
1295 3107 1336 3177 ff.
1362 3110 1397 3162 de
1420 3117 1480 3180 test.
1504 3116 1550 3160 aut
1574 3108 1657 3160 etiam
1684 3107 1860 3176 iureiurando

1043 3211 1132 3270 partes
1149 3196 1220 3250 inter
1238 3213 1267 3248 se
1285 3195 1400 3246 insieem
1423 3194 1567 3260 transigere
1586 3209 1672 3262 posse.
1691 3192 1709 3242 l.
1726 3193 1863 3262 peueruii·

1043 3292 1091 3338 ter.
1109 3299 1133 3336 c.
1151 3281 1184 3334 de
1200 3278 1283 3348 injur.
1303 3275 1455 3332 Secundum
1478 3277 1638 3347 requisitum
1664 3286 1721 3342 est,
1740 3287 1770 3330 ut
1787 3280 1858 3346 ejus·
1898 3307 1929 3349 ῃ

1044 3365 1116 3420 modi
1140 3372 1289 3419 contractos
1314 3359 1362 3413 liat
1387 3359 1558 3430 inscriptis,
1584 3377 1633 3425 rae,
1656 3369 1686 3412 nt
1710 3358 1783 3412 inira
1803 3379 1860 3413 mo-

1042 3452 1184 3511 nebimus,
1202 3446 1370 3518 aoslpbabeti
1391 3444 1581 3514 decipiantur,
1600 3453 1645 3497 ant
1665 3446 1699 3498 ais
1718 3445 1787 3516 ipsis
1806 3453 1864 3496 acta

1043 3535 1121 3589 iaeiie
1139 3541 1273 3601 negentur.
1288 3532 1317 3582 lu
1333 3529 1414 3584 tertio
1433 3529 1564 3599 requisito
1582 3529 1681 3592 sancit,
1702 3527 1862 3600 aaaalphahe·
1902 3556 1935 3599 ,ι

1043 3631 1127 3674 mrum
1141 3625 1304 3669 contractum
1319 3613 1438 3684 quinque
1456 3613 1565 3665 testium
1577 3609 1631 3666 fide
1644 3613 1786 3682 dignorum
1801 3610 1864 3662 sub-

1044 3699 1239 3771 scriptionibus
1252 3699 1403 3762 monitum,
1418 3697 1446 3748 in
1466 3697 1573 3752 civitate
1590 3696 1776 3750 celebrandum
1791 3712 1864 3757 esse,

1044 3786 1143 3856 quippe
1161 3782 1220 3836 illle
1244 3781 1331 3835 facilis
1356 3782 1451 3836 horum
1480 3781 1590 3833 testium
1618 3797 1744 3834 numerus
1771 3777 1866 3832 haberi

1045 3870 1146 3939 possit:
1166 3883 1240 3922 aeeua
1259 3866 1287 3917 in
1306 3865 1392 3932 apris,
1410 3865 1455 3917 ubi
1476 3864 1558 3916 multa
1577 3863 1753 3933 simplicitas,
1774 3871 1802 3916 et
1819 3879 1866 3915 ne·

1047 3970 1098 4022 qoe
1115 3950 1293 4004 scribentium
1318 3959 1363 4001 aut
1389 3949 1498 4002 testium
1525 3947 1665 4001 inultorum
1683 3948 1757 4018 eopia
1775 3957 1817 4000 est
1836 3945 1862 3999 d.

1046 4053 1112 4090 uuas.
1129 4053 1152 4090 e.
1172 4047 1198 4087 ι.
1218 4034 1257 4086 ibi
1276 4033 1367 4096 enim,
1387 4041 1417 4086 at
1435 4033 1464 4086 io
1472 4029 1538 4100 fine
1555 4030 1583 4082 d.
1603 4033 1677 4083 autb.
1698 4031 1818 4094 habetur,
1837 4050 1866 4084 o·

1048 4121 1137 4181 mnia,
1155 4136 1223 4188 qnae
1238 4128 1296 4170 ante
1316 4117 1383 4168 hane
1401 4117 1621 4170 constitutionem
1642 4116 1784 4182 ralebanl,
1801 4116 1868 4167 olins

1054 4219 1117 4255 sero
1134 4201 1187 4254 duo
1203 4211 1249 4254 ant
1268 4213 1320 4255 tres
1338 4202 1433 4254 saltem
1454 4209 1533 4254 testes
1553 4199 1580 4251 in
1599 4199 1742 4267 agrestium
1761 4209 1868 4254 centra-

1049 4287 1137 4340 ctibns
1156 4285 1360 4354 requirebantur
1377 4285 1396 4336 i.
1403 4283 1461 4354 fin.
1474 4303 1496 4337 c.
1508 4283 1534 4336 si
1545 4293 1646 4338 eertum
1658 4293 1773 4352 petetur·
1787 4285 1866 4340 etiam

1050 4365 1127 4423 firma
1147 4385 1176 4420 ae
1196 4378 1251 4420 rata
1269 4383 1327 4420 esse
1344 4367 1448 4420 debere.
1474 4367 1578 4420 Ultimo
1603 4367 1710 4422 tandem
1734 4369 1790 4423 icoo
1814 4371 1866 4421 im·
1905 4399 1937 4443 η

1050 4461 1158 4523 perator
1183 4453 1318 4514 bortatur,
1341 4460 1370 4503 ut
1387 4453 1505 4522 quinque
1533 4453 1572 4506 illi
1591 4461 1671 4506 testea
1690 4453 1720 4506 in
1742 4455 1870 4524 analpha·

1051 4541 1170 4592 besorum
1189 4533 1371 4590 contractibus
1388 4535 1583 4601 adhibeantur,
1602 4536 1624 4590 al
1644 4551 1749 4590 summa
1763 4549 1871 4592 cuntra-

1052 4634 1108 4676 ctna
1125 4621 1182 4674 auri
1202 4621 1299 4672 libram
1310 4657 1319 4684 ,
1340 4619 1388 4669 hoo
1406 4629 1445 4671 est
1465 4629 1508 4670 ιι.
1525 4619 1645 4684 solttlos,
1664 4621 1812 4676 Godoired.
1831 4623 1870 4676 ed

1051 4707 1076 4758 d.
1096 4721 1162 4759 nov.
1181 4723 1204 4758 c.
1225 4716 1249 4756 ι.
1266 4703 1308 4756 lit.
1327 4702 1352 4754 b.
1370 4701 1496 4766 essedatq
1515 4704 1538 4755 al
1558 4705 1631 4756 enim
1657 4721 1760 4757 summa
1784 4703 1870 4758 inerit

1051 4788 1154 4850 minor,
1173 4797 1227 4838 tum
1246 4784 1299 4837 duo
1315 4793 1395 4838 testea
1415 4781 1540 4838 sufficere
1559 4797 1682 4858 possunt,
1702 4787 1758 4839 sire
1775 4806 1789 4841 a
1808 4787 1870 4839 lite·

1051 4881 1108 4923 rato
1125 4873 1181 4922 siae
1199 4871 1233 4922 ab
1250 4867 1438 4940 analphabeto,
1463 4869 1519 4922 sire
1544 4869 1572 4922 in
1597 4871 1707 4941 seriptis
1731 4871 1786 4924 sire
1811 4873 1871 4926 aine

1050 4953 1172 5026 seriptis,
1187 4955 1216 5006 in
1235 4954 1343 5006 civitate
1354 4963 1400 5006 aut
1412 4963 1486 5006 estra
1506 4954 1625 5008 eamdem
1645 4956 1679 5009 sit
1696 4967 1872 5010 contractem.

1050 5038 1105 5092 rid.
1126 5037 1182 5090 inse
1200 5037 1245 5090 dn.
1265 5037 1380 5091 Richter
1397 5037 1437 5092 eri
1451 5037 1561 5107 saepius
1582 5038 1607 5091 d.
1627 5041 1702 5093 nath.
1721 5039 1799 5096 Corsi.
1813 5043 1866 5098 Zn·
1912 5031 1914 5036 ’

1050 5121 1130 5176 brodt
1148 5121 1178 5174 irs
1196 5131 1276 5174 troes.
1292 5122 1328 5174 de
1344 5122 1557 5188 computatione
1574 5122 1717 5176 literarum
1730 5143 1788 5197 ceap.
1804 5137 1828 5180 s.
1842 5144 1870 5181 ιι.

1055 5199 1220 5272 amittisque
1238 5203 1285 5254 dd.
1303 5201 1419 5270 allegati·
1439 5203 1470 5257 Si
1490 5204 1570 5272 lartius
1589 5207 1746 5275 materteris
1766 5212 1869 5265 constt-
1908 5242 1938 5287 ῃ

1051 5289 1164 5341 tntiouis
1182 5288 1314 5342 rationem
1334 5298 1466 5357 tamquam
1486 5291 1572 5360 legum
1599 5294 1715 5346 animam
1736 5295 1752 5347 l.
1775 5309 1815 5348 ιι.
1830 5296 1872 5367 ff

1051 5373 1085 5426 de
1102 5373 1133 5425 ll.
1150 5371 1229 5424 Carti.
1248 5372 1346 5426 Tusch.
1363 5383 1449 5440 prout.
1467 5375 1555 5428 eencl.
1576 5375 1616 5428 lit.
1634 5391 1657 5428 r.
1677 5377 1762 5432 couci.
1784 5391 1826 5432 11.
1841 5400 1869 5435 ιι.

1057 5472 1095 5512 ts.
1113 5457 1142 5510 in
1162 5457 1231 5510 med.
1250 5456 1412 5526 inuestigare
1430 5457 1509 5521 licet,
1529 5459 1589 5512 isieo
1609 5471 1649 5514 tut
1668 5473 1749 5516 testea
1768 5463 1813 5520 bie
1833 5465 1873 5518 in·

1050 5543 1184 5598 teroedere
1201 5551 1328 5612 apparat,
1347 5557 1381 5594 os
1403 5539 1611 5616 bualpbabetis,
1629 5547 1721 5598 sumtis
1739 5547 1805 5601 alias
1825 5567 1873 5620 pa.

1051 5625 1142 5678 riculis
1161 5625 1302 5691 subiectis,
1320 5624 1435 5693 iaetnm,
1449 5629 1520 5698 quod
1534 5647 1586 5682 noas
1602 5631 1768 5700 intelligunt,
1780 5633 1875 5691 obesae

1050 5712 1152 5782 pessit,
1171 5725 1256 5780 sasque
1273 5712 1446 5783 analphabesi
1465 5711 1543 5768 facile
1562 5715 1675 5786 negandi
1700 5731 1790 5770 ansam
1808 5719 1875 5772 arri·
1884 5765 1894 5794 ι

1904 4077 1936 4122 Π
