4338 6240
252 245 308 314 eo,
671 237 721 292 oo
737 233 901 292 cornero
916 231 1042 290 tronus
1060 231 1208 290 ιιοιιιιι
1226 221 1419 290 intumus.
1784 237 1836 300 ιώ

200 335 261 410 prio
279 333 386 392 ennodi
410 333 501 408 possit.
526 333 634 390 Certum
654 333 727 388 enim
746 347 794 398 est,
815 334 844 385 in
863 332 1014 402 privilegiis
1070 331 1100 385 io
1119 330 1178 398 iure
1195 329 1315 400 erigendi
1335 348 1402 386 noes
1420 331 1560 402 e'ecti'qslii
1576 334 1618 389 rel
1630 331 1739 406 telueis,
1752 357 1818 412 qose
1830 339 1892 414 quie
1929 357 1959 402 rr

196 419 353 488 regulariter
373 419 471 472 nullom
492 417 602 488 partium
621 417 774 470 citationem
794 414 911 484 requiri,
926 411 972 464 sed
985 411 1018 465 sd
1069 416 1332 487 imperatoriisque
1351 429 1527 474 concurrente
1537 421 1658 476 omnium
1676 427 1819 480 electorom
1833 416 1895 500 (ho-

196 503 278 556 nnius
296 503 454 556 instantium
472 503 564 556 eedem
583 500 727 568 indulgeri,
746 499 875 554 Enenlel
898 497 967 552 lisro
986 497 1018 552 de
1071 497 1115 549 die
1134 499 1205 550 euim
1230 499 1339 566 meinris
1364 501 1451 569 pertis
1468 519 1613 558 consensus
1631 508 1747 578 emplius
1765 525 1820 564 non
1839 511 1895 564 soi·

193 587 319 659 privileg.
340 588 356 640 i.
372 600 392 640 ι.
412 607 434 642 c.
455 601 478 640 e.
497 607 525 640 ιι.
547 596 589 638 ιι.
609 587 724 656 zanger.
742 588 775 640 de
793 594 894 654 except.
907 603 934 650 p.
956 595 978 638 ι.
994 600 1017 635 c·
1072 579 1136 647 licit,
1148 583 1194 636 sed
1212 583 1378 652 singulorum
1397 587 1565 657 requiritur,
1591 589 1647 642 sid·
1665 589 1746 663 cepit.
1765 593 1893 664 leopold.

198 681 226 723 ι.
243 688 273 724 n.
293 683 315 724 ι.
343 669 414 724 circu
428 669 488 740 fin·
512 669 613 724 Auton.
632 670 754 724 Gabriel.
773 669 861 724 conci.
882 685 981 720 comm.
999 667 1018 718 l.
1070 669 1198 739 art.st.)
1215 677 1241 718 et
1254 669 1402 723 vicinorum
1417 681 1534 726 stetuurn
1547 689 1677 728 consenso
1690 677 1836 731 concedere
1849 697 1897 732 ne·

199 762 222 806 ι.
241 751 282 805 tit.
299 753 335 808 de
356 753 485 808 citatione
503 753 592 808 correi.
614 764 636 807 ι.
655 773 683 806 ιι.
705 766 747 808 ιι.
768 771 796 806 ιι.
817 763 877 808 ese.
889 764 914 806 et
932 751 1019 822 pluri·
1070 751 1147 820 quit,
1166 753 1249 806 multo
1269 754 1358 808 minus
1377 757 1487 826 proprio
1505 767 1578 812 moto
1593 755 1622 810 in
1634 760 1750 830 ediquem
1770 761 1900 816 trsoeies·

128 847 160 890 so
195 835 247 890 bus
265 836 367 889 ibidem
384 839 513 906 silegutie.
528 839 600 892 ilinc
624 837 739 908 generali
753 839 801 890 troc
812 837 962 889 assertione
977 853 1018 888 me
1071 849 1100 886 re
1118 834 1223 904 poterit
1243 835 1420 891 idemestin
1438 839 1610 894 eunomiane
1629 841 1697 909 ieris
1716 845 1895 909 monetendi,
1935 853 1967 898 tt

195 919 354 992 expediam:
373 922 443 992 qood
462 923 490 972 in
508 921 582 976 omui
602 937 689 986 crure,
706 938 774 992 quse
788 937 835 989 per
848 919 1020 988 privilegium
1072 919 1104 971 sd
1123 937 1202 989 quern
1221 934 1363 972 consensus
1379 921 1521 975 electorum
1541 923 1638 976 itidem
1660 927 1823 994 requiritur,
1842 927 1898 982 eid.

196 1006 308 1063 «incedi
335 1016 437 1075 potest,
455 1006 570 1058 clausule
591 1015 677 1059 motus
694 1005 798 1076 proprii
821 1004 898 1056 licite
915 1015 941 1056 et
961 1021 1020 1058 cnm
1072 1003 1152 1072 oepit.
1171 1003 1295 1074 leopold.
1315 1014 1368 1057 art.
1384 1013 1426 1058 st.
1446 1007 1519 1074 Ques
1541 1005 1633 1060 omnis
1651 1010 1713 1078 peri
1732 1011 1811 1066 modo
1830 1029 1896 1083 pro·
1934 1020 1965 1063 st

127 1093 158 1138 ⁸¹
197 1088 293 1142 effectu
311 1089 480 1143 adhibeatur.
500 1089 564 1141 Diri
585 1089 699 1142 inomni
713 1107 810 1152 cause,
824 1087 857 1147 ud
871 1082 1023 1157 significsn·
1072 1088 1186 1154 cedunt,
1204 1088 1227 1140 si
1246 1087 1279 1141 sd
1299 1088 1408 1159 imperii
1429 1089 1563 1160 principes
1588 1092 1767 1161 applicentur.
1786 1097 1855 1150 Nsrn
1875 1110 1901 1154 et

197 1171 280 1240 dnm,
301 1191 355 1228 non
374 1191 404 1226 ee
423 1173 518 1228 saltem
531 1173 688 1244 privilegis,
703 1191 769 1244 quse
790 1173 818 1224 in
834 1187 946 1240 corpore
957 1171 1025 1238 juris
1074 1171 1117 1224 irie
1136 1173 1292 1242 plerumque
1308 1189 1369 1226 coos
1388 1172 1502 1227 etstibue
1514 1176 1713 1246 proeineisenm
1727 1189 1800 1232 certe
1813 1181 1899 1236 inter-

197 1261 294 1320 elsuss,
313 1259 424 1329 proprio
442 1269 516 1312 motu
534 1259 643 1313 concedi
662 1275 752 1330 posse:
771 1257 805 1311 de
824 1257 867 1310 hie
887 1258 961 1309 enim
976 1274 1021 1310 ue·
1073 1254 1172 1308 cedunt
1191 1266 1283 1326 poete,
1303 1259 1352 1310 rub
1371 1259 1481 1312 nomine
1507 1261 1678 1318 reveresiiom
1696 1263 1816 1333 exprimi
1834 1266 1899 1318 eoli-

198 1343 267 1400 usini
288 1342 378 1398 forsan
403 1342 453 1398 erit
475 1343 596 1408 dubium,
616 1360 676 1396 oum
695 1341 788 1396 eedem
807 1361 821 1395 r
841 1339 965 1412 principe
984 1340 1024 1393 sel
1079 1346 1120 1404 ts,
1136 1340 1234 1409 quibus
1252 1351 1386 1396 certorum
1409 1343 1512 1410 jurium
1530 1347 1691 1402 exercitium
1708 1348 1898 1419 qnudsmtenue

198 1427 361 1498 imperatore
384 1429 506 1482 ultronee
531 1427 748 1492 concesserint,
768 1435 911 1496 unteqosrn
930 1425 958 1476 in
980 1444 1026 1479 cn·
1076 1432 1117 1474 est
1135 1425 1301 1490 restrictum
1320 1437 1410 1480 contre
1429 1444 1496 1496 quse
1513 1439 1585 1498 pecte
1605 1437 1678 1483 motu
1696 1433 1807 1502 proprio
1824 1433 1899 1503 quio-

198 1513 320 1581 1usqusor
344 1521 474 1564 uenerunt
492 1511 692 1580 cogitationem,
714 1511 804 1564 Glose.
822 1521 850 1564 et
868 1509 969 1565 Bortot.
992 1510 1021 1564 in
1075 1523 1154 1576 qnam
1173 1509 1316 1580 disponere
1334 1510 1380 1564 rix
1400 1511 1510 1578 licebit,
1530 1513 1576 1566 sed
1595 1529 1727 1569 censeoso
1745 1523 1901 1569 ststuumo·

199 1595 274 1656 enti.
295 1593 501 1665 porrectiones
525 1612 547 1648 c·
567 1594 599 1648 de
616 1611 651 1648 ss.
671 1596 734 1648 ecci.
752 1606 779 1648 et
797 1593 897 1648 Burtol.
915 1594 944 1646 in
963 1596 981 1648 i.
1003 1609 1026 1652 ι.
1076 1607 1127 1661 pus
1146 1590 1198 1646 est.

199 1678 229 1734 ic
241 1677 296 1746 lin·
314 1698 337 1732 e.
354 1680 389 1732 ds
407 1678 470 1730 lon.
490 1688 605 1732 uacans.
626 1677 678 1730 Sed
696 1691 721 1732 et
739 1697 784 1744 es,
796 1695 862 1748 quoe
882 1678 966 1730 hodie
980 1680 1025 1732 ed·
1113 1676 1263 1746 Antequam
1283 1677 1334 1731 boc
1351 1691 1428 1750 ceput
1453 1680 1611 1748 dimittent,
1636 1681 1835 1739 discutiendum
1853 1683 1900 1738 sd·

200 1761 252 1814 huc
270 1761 316 1814 uni
336 1763 447 1814 alterive
466 1761 494 1813 in
513 1761 602 1832 specie
616 1761 809 1814 attribuuntur.
823 1763 868 1816 Sic
881 1763 953 1814 enim
968 1774 1024 1833 pot·
1076 1759 1126 1812 huo
1143 1762 1212 1827 erit,
1231 1781 1263 1815 so
1276 1764 1403 1834 princepe
1418 1777 1490 1822 motu
1503 1770 1614 1838 proprio
1627 1768 1745 1824 mendete
1758 1771 1898 1824 sioeelsn·

199 1853 239 1900 est
263 1844 391 1913 princepe
415 1845 505 1897 omnio
524 1843 644 1912 regalia,
663 1845 703 1897 vei
722 1855 749 1896 ιιι
766 1861 827 1896 cnm
845 1845 965 1914 politicis
982 1847 1022 1900 lo·
1075 1845 1133 1898 suls
1152 1844 1298 1898 decernere
1315 1845 1412 1917 quest?
1437 1847 1471 1904 Et
1492 1851 1612 1918 quemvis
1630 1853 1789 1921 repuleriter
1806 1853 1899 1906 eedem

197 1927 386 2000 quer(quippe
406 1929 451 1997 qni
470 1929 571 1980 uetitum
593 1927 739 1996 majestatie
756 1926 916 1981 divisionem
926 1935 953 1981 et
963 1945 1025 1980 con·
1075 1944 1129 1980 non
1146 1927 1258 1993 dentur,
1277 1929 1331 1980 nisi
1351 1930 1471 1999 pertinse
1487 1934 1629 1986 secesserit
1648 1934 1822 1999 instentim.
1837 1937 1900 1992 lieo.

198 2022 343 2082 requenter
361 2013 464 2064 uuilsm
482 2029 585 2081 qnoque
604 2012 721 2080 ipsorum
735 2011 864 2080 regalium
877 2012 1025 2064 concessio·
1077 2007 1142 2082 imp.
1154 2013 1252 2065 noviss.
1264 2011 1298 2066 de
1309 2031 1354 2066 ιιο.
1372 2021 1447 2065 tete.
1460 2015 1484 2080 5.
1498 2015 1554 2068 elie
1564 2017 1759 2084 supplicantsn
1776 2029 1816 2072 ιι.
1831 2019 1900 2074 Com

199 2113 261 2150 uero
286 2096 430 2150 admittere
453 2096 562 2166 solunt)
588 2094 620 2147 ud
640 2093 784 2146 minimum
809 2094 934 2148 emnium
953 2113 1026 2165 rege·
1075 2097 1375 2168 pierumquepriectum
1391 2097 1717 2154 tentummodoioteresse
1729 2113 1899 2168 concernsot3

196 2181 265 2234 lium
289 2179 448 2233 exercitium
476 2179 584 2250 proprio
614 2185 689 2230 motu
708 2177 788 2229 elicui
808 2176 948 2243 conferre;
967 2197 1027 2232 eum
1075 2187 1190 2234 sttsroen
1210 2179 1233 2232 si
1253 2179 1314 2232 tetis
1331 2179 1565 2246 obusointessue,
1585 2181 1631 2232 obi
1650 2182 1709 2237 sine
1727 2183 1776 2236 lsoc
1790 2181 1899 2240 mende-

197 2283 245 2337 per
259 2264 328 2318 hunc
349 2263 545 2317 concessionem
565 2261 668 2314 nemini
688 2269 871 2332 praeterqusm
886 2261 935 2314 soli
955 2263 1027 2333 prio·
1075 2271 1101 2316 tc
1119 2263 1225 2333 publice
1249 2263 1326 2334 quies
1348 2263 1418 2318 seles
1443 2281 1550 2318 munere
1568 2281 1621 2318 non
1639 2267 1748 2335 possit.
1766 2284 1790 2320 s.
1814 2285 1854 2338 pr.
1874 2269 1899 2322 si

128 2351 161 2395 ⁸⁸
200 2349 265 2420 cipi,
283 2358 419 2402 nocentur.
433 2348 525 2416 Neque
543 2345 588 2398 hic
608 2347 712 2402 minore
732 2354 836 2398 tontum
850 2347 957 2415 regetir,
977 2349 1025 2402 sed
1075 2347 1237 2412 seditiones,
1255 2349 1382 2402 tumultus
1399 2357 1427 2401 et
1445 2349 1567 2403 scenduls
1586 2347 1669 2416 liunt,
1689 2352 1731 2405 eei
1744 2351 1767 2404 ei
1780 2369 1848 2406 noes
1859 2369 1904 2406 re·

198 2443 227 2492 et
245 2434 461 2502 msjorsquoque
480 2430 751 2484 intellectsuolumns.
770 2429 1028 2501 Numqnnmrieho·
1074 2431 1185 2502 etipsiie
1209 2431 1314 2499 injusso
1339 2431 1473 2503 principie
1504 2431 1641 2502 erigentur
1659 2435 1671 2505 (
1687 2435 1787 2506 quippe
1803 2437 1901 2507 quibus

195 2534 257 2570 rum
276 2517 410 2570 concessio
420 2515 486 2568 uiiss
504 2513 614 2568 nonnisi
634 2529 667 2566 er
687 2512 803 2566 marimo
822 2523 849 2565 et
867 2515 1028 2584 urgentieei·
1076 2516 1180 2570 essibus
1200 2516 1322 2570 montlets
1341 2517 1401 2570 eine
1423 2517 1540 2570 clausule
1559 2518 1654 2572 itidem
1672 2520 1760 2574 locum
1780 2519 1900 2586 hebent,

197 2619 242 2654 ιιιι
259 2617 336 2654 crure
359 2597 419 2652 lieri
444 2598 552 2664 debent,
582 2599 651 2651 solet
670 2607 757 2650 temen
781 2596 804 2648 si
822 2596 894 2650 sdeit
912 2598 1027 2652 clsusuls
1076 2599 1116 2652 uti
1135 2599 1228 2653 ridere
1246 2608 1287 2652 eet
1305 2600 1373 2670 spud
1394 2598 1529 2652 Bluntium
1547 2599 1576 2652 in
1586 2617 1664 2669 proc.
1675 2618 1745 2654 cam·
1757 2600 1797 2654 tit·
1813 2611 1856 2656 rt.
1871 2621 1899 2654 ιι.

198 2693 276 2736 ιιιοιιι
293 2683 401 2754 proprio
421 2685 449 2736 Ρ.
467 2685 564 2736 loton.
584 2682 618 2734 de
636 2681 716 2736 Petrs
742 2681 777 2736 rie
788 2683 846 2752 jur.
871 2699 962 2753 quaes.
978 2700 1029 2752 per
1080 2692 1121 2734 ιι.
1147 2683 1226 2736 etde
1246 2683 1323 2735 noris
1347 2682 1453 2736 teluniie
1471 2699 1526 2738 non
1545 2681 1682 2752 erigendis
1698 2699 1824 2756 expresse
1841 2703 1902 2740 ceu·

194 2769 311 2838 princip.
328 2785 385 2822 non
402 2767 495 2820 tolle.
515 2777 558 2818 ιι.
576 2784 605 2819 ιι.
638 2779 679 2820 ss.
699 2777 726 2819 es
746 2785 769 2820 c.
789 2777 832 2818 ιι.
850 2784 882 2818 ιι.
895 2777 936 2820 ιι.
956 2766 1027 2822 conf.
1079 2775 1134 2818 tom
1154 2765 1182 2817 in
1200 2765 1282 2835 eupit.
1302 2765 1425 2837 leopold.
1445 2766 1522 2820 artie.
1543 2776 1585 2818 rt.
1597 2765 1688 2836 infin.
1701 2767 1755 2821 ili:
1767 2769 1817 2824 dee
1832 2771 1901 2824 oder

198 2855 245 2912 dn.
265 2856 373 2910 Praeses
391 2853 420 2908 in
439 2849 628 2922 cciccfiorl.
642 2871 666 2905 c.
682 2865 706 2903 e.
731 2873 777 2923 pn.
799 2864 845 2906 ιι.
1078 2848 1206 2912 diemde,
1220 2865 1251 2901 eo
1267 2849 1493 2906 baldwirriessen
1506 2852 1752 2908 comunsreiisters
1768 2855 1798 2908 in
1815 2853 1899 2924 Beso-

120 2952 159 3004 ,ιι
238 2935 856 3007 Proceduoteuteroquaedixi(t)eisbillo,cni
873 2935 1025 2994 concedun-
1077 2935 1168 3004 lirunp
1189 2935 1331 2999 immeo,
1356 2934 1426 2994 oder
1448 2933 1552 2988 endere
1565 2935 1707 3006 Aneeipen
1718 2937 1900 2994 tiemonem·

195 3031 250 3086 tor,
263 3021 400 3076 commode
413 3020 532 3074 exerceri
552 3020 665 3091 porcien
683 3039 743 3073 ιιιιιι
758 3021 1025 3092 quioquidebcitero
1078 3016 1219 3088 pfhngen,
1236 3017 1326 3070 soiien
1347 3017 1404 3071 und
1421 3017 1519 3071 moilen
1539 3018 1590 3073 cuir
1607 3019 1692 3073 riurei·
1706 3019 1826 3076 mendste
1840 3021 1900 3074 sine

198 3105 336 3161 commode
348 3104 465 3161 exerceri
477 3105 590 3175 nequit,
604 3105 669 3158 iilud
684 3123 732 3160 nec
749 3108 777 3160 in
796 3125 857 3160 eoru
881 3103 1026 3161 transferri
1079 3103 1193 3154 cluusutu
1215 3100 1273 3154 und
1296 3099 1400 3152 cedere
1422 3099 1565 3171 lelcerige
1581 3101 1780 3174 rsotldttrfftipe
1803 3103 1900 3161 Beriar-

125 3205 160 3248 ιι
199 3188 1025 3264 potestis.Strui.insyus.1'nr.jirud.c.t·§.ts.n.².Sicoum
1079 3186 1183 3253 Miseri,
1204 3187 1274 3240 oucli
1291 3194 1404 3238 scrtsten
1426 3184 1456 3238 in
1477 3185 1644 3239 oiiecndere
1656 3187 1805 3258 morplicite
1823 3183 1901 3256 Wege

200 3296 217 3330 e
230 3276 332 3347 prissto
349 3276 391 3342 ius
409 3273 473 3327 belli
491 3285 517 3328 et
535 3273 623 3344 pecie,
641 3274 683 3339 ius
702 3291 844 3338 serrorum,
864 3274 905 3340 jus
925 3270 1027 3324 ferendi
1079 3270 1173 3324 dauon
1187 3269 1330 3333 obiecisso,
1349 3279 1397 3320 etc.
1406 3268 1422 3335 )
1440 3269 1559 3340 principi
1580 3269 1672 3338 utique
1690 3270 1807 3324 liberum
1826 3271 1899 3335 erit,

197 3359 291 3428 leges,
310 3369 337 3413 et
355 3357 478 3427 relique,
502 3375 568 3427 quse
587 3358 801 3427 superioritatem
819 3354 963 3428 quemdam
985 3355 1028 3406 in·
1079 3354 1202 3408 soeudeto
1227 3354 1286 3408 sine
1309 3352 1425 3404 elsueuts
1450 3353 1573 3422 publicae
1595 3355 1708 3408 otiliteti
1726 3363 1800 3409 moto
1817 3355 1900 3412 etism

199 3441 321 3506 rolsunt,
336 3443 391 3507 insu
411 3441 549 3494 commode
562 3440 680 3494 exerceri
699 3451 853 3510 nequeunt,
867 3441 958 3493 eudem
971 3455 1028 3490 mo·
1079 3439 1189 3510 proprio
1207 3439 1357 3492 consulere:
1376 3436 1448 3507 qood
1466 3436 1568 3490 nemini
1581 3437 1691 3490 dubium
1705 3454 1763 3492 esse
1773 3437 1896 3506 arbitror,

128 3534 166 3577 ee
204 3535 234 3590 tu
251 3525 360 3595 proprio
377 3523 516 3578 treneierri
536 3525 580 3576 rix
593 3537 722 3595 poterunt.
735 3526 891 3580 Procedant
903 3523 954 3594 (ι.)
967 3523 1025 3576 Nisi
1078 3524 1125 3594 qui
1143 3539 1182 3588 ee,
1200 3541 1266 3593 quse
1284 3523 1313 3574 in
1331 3537 1388 3592 esp.
1407 3521 1485 3589 hujus
1503 3521 1583 3576 initio
1601 3521 1635 3576 de
1653 3521 1901 3592 principieobligs-

134 3645 142 3662 .
201 3618 318 3680 potestus
336 3608 381 3662 iile
398 3609 440 3660 rel
457 3609 591 3680 perleges
608 3608 830 3675 fundamentales,
849 3611 890 3663 rei
910 3627 961 3679 per
977 3627 1026 3679 ps·
1075 3609 1149 3662 tione
1166 3607 1198 3660 ad
1218 3606 1397 3678 promovenda
1408 3605 1547 3662 commutis
1559 3604 1668 3677 publice
1681 3603 1809 3674 diximus,
1822 3607 1901 3676 puolo

201 3703 273 3748 etum
290 3693 423 3766 quotidem
442 3693 561 3750 restricte
579 3694 717 3766 eit3qtu1e
733 3697 884 3768 exemplum
898 3695 1027 3750 hebemus
1079 3691 1226 3747 recurstiue
1245 3687 1395 3762 perpendit.

871 3893 1119 3966 CAPUT
1172 3893 1235 3962 111.

554 4077 608 4144 De
631 4073 801 4168 effectibus
826 4093 938 4147 motus
956 4075 1095 4172 proprii
1113 4078 1285 4173 principis
1309 4075 1551 4166 qffirmctivie.

443 4266 468 4318 δ’
488 4263 516 4320 U
532 4261 568 4317 d!
581 4262 619 4317 l!
632 4262 661 4314 A
680 4263 706 4316 R
723 4260 786 4316 [A

1110 4343 1137 4398 si
1148 4343 1186 4399 ori
1194 4345 1409 4414 postulationem
1422 4361 1554 4402 concessa
1561 4383 1570 4412 ,
1582 4352 1691 4413 nocens,
1704 4361 1762 4399 non
1772 4355 1894 4414 prosunt.

209 4426 415 4496 Tmnsgressio.
430 4447 462 4482 ιι.
479 4440 502 4482 ι.
1115 4447 1141 4481 ιι.
1161 4440 1202 4482 ιι.

204 4511 294 4566 Haisa
307 4511 375 4564 dote
387 4529 421 4563 m.
434 4530 462 4582 p.
475 4512 580 4580 rotent,
593 4531 665 4585 qnae
677 4515 715 4569 od
722 4529 815 4585 preces
825 4525 953 4567 concesse
967 4529 1025 4566 non
1073 4512 1241 4567 immunitas
1260 4531 1277 4566 a
1296 4509 1454 4566 muneribus
1469 4511 1662 4582 personalibus
1677 4511 1850 4582 praesidibus
1868 4524 1896 4568 es

242 4595 341 4653 colent.
360 4614 388 4648 ιι.
406 4607 432 4647 ι.
1109 4595 1338 4665 praeconialibus
1348 4604 1410 4664 post
1421 4596 1572 4664 depositum
1585 4595 1711 4669 officinm
1724 4599 1860 4670 competit,
1872 4601 1899 4656 ss'

204 4677 343 4750 Principis
360 4675 500 4732 concessio
519 4679 722 4747 adpetitionem
740 4681 828 4745 partis
839 4679 925 4747 ficeto
943 4679 993 4734 cic
1006 4697 1024 4733 ιι
1111 4699 1140 4750 p.
1154 4699 1190 4733 m.
1204 4679 1269 4734 telis
1279 4677 1561 4750 dignitasipsisdotc.
1574 4700 1600 4734 ιι.
1618 4692 1657 4734 ιι.

239 4765 346 4817 uolente
352 4763 476 4834 principe
483 4763 608 4837 proficio
627 4765 740 4834 dieisur,
754 4765 819 4820 hice
836 4767 962 4822 reuocari
972 4783 1025 4836 pc·
1073 4765 1240 4823 Secussiod
1250 4781 1342 4835 preces
1354 4765 1479 4821 eamdem
1492 4766 1632 4820 consecuti
1642 4767 1704 4820 sint.
1716 4787 1743 4822 ιι.
1763 4781 1803 4823 ιι.
1821 4779 1863 4822 ts.

240 4855 300 4898 teet.
315 4865 343 4900 ιι.
358 4859 382 4900 ι.
1080 4851 1135 4922 Qui
1149 4867 1248 4904 ιιιιιιιιιι
1260 4849 1309 4921 jus
1317 4849 1441 4918 precibus
1451 4849 1510 4902 suis
1527 4849 1693 4919 impetrauit,
1707 4864 1808 4908 contre
1826 4871 1890 4908 ιιιιι

202 4931 292 4986 Aliud
298 4948 362 5000 erpo
373 4931 400 4984 si
412 4949 447 4987 ιιι.
459 4951 488 5003 p·
502 4933 736 5005 concessiofuctc.
749 4953 777 4988 ιι.
793 4944 816 4987 s.
1111 4934 1140 4992 iri
1152 4933 1305 5006 retorqueri
1311 4944 1407 4998 potest.
1418 4950 1447 4988 ιι.
1464 4946 1504 4987 ιι.

185 5016 378 5083 ..ιιιριίιιιιιη
391 5034 419 5068 ιι.
434 5029 457 5071 r.
1077 5015 1201 5069 Etiamsi
1210 5034 1242 5070 eo
1251 5016 1314 5085 jure
1326 5031 1391 5069 usus
1405 5033 1462 5070 ιιοιι
1472 5015 1518 5070 sis.
1531 5035 1560 5070 ιι.
1577 5028 1617 5072 ιι.

203 5095 368 5168 Bonefiscc
381 5099 473 5154 delete
483 5111 575 5172 petere
586 5120 644 5157 non
656 5102 727 5158 iicet.
744 5121 774 5157 ιι.
789 5117 812 5160 e.
1076 5099 1167 5152 Atina
1176 5095 1236 5166 sip.
1250 5098 1342 5168 m.jus
1352 5115 1451 5153 norum
1463 5099 1603 5154 tributum.
1613 5093 1658 5155 sis.
1672 5119 1699 5155 ιι.
1714 5113 1753 5156 ιι.

206 5179 302 5235 nuto.
316 5199 346 5235 ιι.
360 5193 387 5234 ι.
1077 5183 1234 5238 limitetur.
1249 5202 1276 5236 ιι.
1290 5193 1331 5234 ιι.
1348 5194 1388 5236 ss.

200 5265 351 5320 Concessio
364 5275 455 5322 tamen
468 5285 563 5323 eorum
576 5287 612 5322 ιιι.
623 5268 742 5338 pfircta
753 5271 834 5326 colet.
847 5287 873 5324 ιι.
889 5282 913 5323 ι.
1074 5265 1217 5339 Beneficia
1236 5278 1263 5322 et
1277 5265 1422 5336 priuilegio
1435 5284 1471 5320 m.
1487 5283 1659 5338 proccessu
1675 5268 1782 5337 plenius
1806 5269 1892 5324 inter·

202 5349 289 5406 tremo
303 5352 333 5404 in
346 5370 380 5406 ec
389 5353 551 5424 provincia,
566 5355 638 5410 unde
650 5355 789 5423 oriundus,
806 5353 933 5428 qfficium
942 5371 1020 5426 pere·
1110 5353 1247 5421 pretende
1259 5361 1323 5404 sunt
1333 5387 1341 5415 ,
1353 5369 1437 5422 prtem
1449 5368 1483 5406 es
1493 5391 1500 5416 ‚
1512 5371 1584 5422 qrisse
1596 5351 1635 5404 od
1644 5347 1807 5408 instantiairi
1829 5369 1894 5423 por·

247 5435 373 5490 redebet.
386 5455 413 5489 ιι.
429 5451 454 5490 e.
1109 5434 1177 5490 tium
1188 5435 1378 5492 conceduntur.
1391 5453 1419 5488 ιι.
1435 5445 1480 5488 ιιι.
1491 5443 1518 5487 et
1535 5444 1576 5486 ιι.

211 5517 275 5572 Νἰιι·
286 5537 322 5572 ιιι.
332 5538 359 5589 p.
371 5519 487 5583 iscripsi
496 5537 655 5578 eoncessum
668 5523 712 5577 sit.
723 5535 750 5578 rt.
765 5533 806 5575 to.
1075 5521 1113 5573 H.
1123 5539 1150 5588 p.
1161 5521 1283 5590 gretiam
1295 5515 1586 5586 redditfirucreiilem.
1597 5533 1625 5568 n.
1643 5525 1685 5568 ιι.

214 5601 358 5673 Quosdam
371 5619 406 5655 ιιι.
416 5621 443 5666 p.
456 5605 558 5660 ertum
570 5624 626 5662 ιιοιι
645 5615 758 5674 nocent,
770 5601 821 5662 ssd
836 5614 965 5678 pmsunt,
977 5599 1028 5662 sed
1077 5605 1287 5676 Amphitrione.
1303 5614 1344 5658 ιι.
1361 5611 1402 5654 ss.

338 5687 446 5760 septis·
462 5689 524 5745 Vot.
544 5691 599 5744 ΙΙΙ.
1662 5694 1692 5737 ιι
