4404 6242
607 341 941 426 orsaorsrro
966 340 1177 421 uncins
1204 337 1387 416 saxrs

349 554 486 667 ibib
539 541 1010 664 bilbilim
1062 531 1635 660 uuuuttstts

752 783 808 828 Di!
830 782 914 828 tum
936 783 1020 827 salto
1044 781 1243 826 stucuxvtn.

849 945 930 1001 PRO
948 941 1147 1000 umnam

622 1105 1379 1192 JonsnnusunPE‚Lu1tEu.

711 1303 1282 1358 '—-eess=·--·

833 1556 1151 1630 PRAEFAMEN.

162 1731 382 1864 Durissima
406 1783 544 1878 quidem
569 1807 621 1853 res
640 1796 688 1853 est
710 1781 848 1852 alterius
871 1779 1022 1848 dominio
1045 1802 1114 1846 esse
1137 1778 1344 1874 subjectum
1368 1800 1416 1855 ast
1447 1787 1502 1855 lon
1528 1813 1546 1858 e
1569 1786 1689 1856 dunos
1712 1800 1744 1856 et
1767 1813 1844 1884 gra·

162 1886 255 1960 sius,
275 1877 341 1945 sibi
365 1879 430 1970 ipsi
455 1889 583 1942 tantum
609 1876 754 1957 sarrire,
777 1891 810 1940 et
832 1871 1006 1939 affectibus
1029 1869 1096 1938 suis
1113 1871 1255 1937 nimium
1279 1893 1441 1968 quantum
1467 1811 1652 1972 indulgere.
1669 1879 1711 1946 ln
1728 1877 1849 1948 horum

162 1991 306 2038 numero
330 1981 429 2052 sunt,
446 1968 506 2058 qui
529 1970 641 2034 omnia
666 1966 810 2057 propriis
834 1964 1023 2030 metiuntur
1046 1963 1244 2045 commodis,
1268 1985 1320 2050 et,
1343 1967 1435 2061 quod
1460 1969 1527 2036 sibi
1553 1969 1757 2060 proficuum,
1778 1993 1850 2037 ma.

163 2063 256 2128 xime
278 2058 474 2150 respiciunt.
500 2055 531 2122 E
553 2057 718 2124 contrario
743 2055 785 2122 ad
806 2053 981 2146 publicam
1005 2051 1161 2120 Salutem
1177 2067 1235 2120 aut
1258 2081 1377 2146 parum
1402 2079 1461 2126 aut
1482 2059 1570 2125 nibil
1586 2061 1775 2140 conferunt,
1791 2057 1850 2126 sed

165 2173 236 2218 eam
262 2149 378 2214 multis
401 2160 591 2239 pospouunt
615 2147 826 2240 parasangis3
859 2143 979 2210 verbo:
1002 2167 1108 2234 remp.
1138 2147 1292 2236 quaestui
1324 2149 1461 2218 babent.
1486 2147 1586 2216 llaud
1611 2173 1689 2216 sane
1713 2151 1749 2216 iu
1772 2146 1852 2216 Pla·

163 2241 252 2306 touis
274 2237 379 2306 sobole
403 2237 511 2304 edocti
534 2237 569 2306 hi
593 2255 692 2324 sunt,
715 2240 770 2304 cui
793 2231 1005 2303 auditoribus
1037 2237 1125 2318 suis,
1157 2236 1331 2328 praecipue
1354 2241 1480 2332 quibus
1504 2239 1590 2330 reip.
1616 2238 1851 2331 gubernaculis

165 2328 306 2397 assidere
338 2326 523 2420 aliquando
549 2328 682 2395 animus
714 2327 801 2408 luit,
825 2343 858 2393 et
881 2325 941 2392 boc
964 2323 1141 2390 interulis
1170 2347 1379 2419 praeceptum
1410 2328 1574 2400 inculcare
1597 2327 1663 2398 luit
1685 2327 1851 2398 solemnes

164 2437 206 2486 ut
227 2417 405 2486 utilitatem
428 2417 552 2486 civium
575 2417 622 2488 sic
645 2429 840 2499 tuerentur,
864 2436 933 2508 quo
948 2414 1110 2506 quicquid
1128 2429 1280 2506 agerent,
1296 2419 1337 2486 ad
1352 2443 1426 2488 eam
1446 2419 1630 2508 referrent,
1645 2419 1744 2488 obliti
1760 2443 1852 2488 com·

164 2507 338 2578 modorum
363 2528 511 2575 suorum.
535 2507 600 2578 Nec
624 2509 719 2690 pensi
743 2507 866 2576 babere
891 2504 1071 2589 sidentur,
1095 2503 1186 2598 quod
1209 2505 1421 2664 imperatores
1437 2507 1601 2577 Arcadius
1624 2527 1658 2578 et
1680 2509 1852 2578 Honorius

165 2599 409 2690 rescripserunt
433 2599 468 2664 in
492 2595 518 2664 l.
542 2622 602 2665 nn.
649 2649 657 2667 .
688 2627 718 2669 r.
743 2623 773 2668 c.
797 2598 842 2666 cle
863 2600 952 2704 offic.
985 2618 1103 2663 comm.
1136 2618 1225 2662 sacr.
1266 2623 1339 2692 erg.
1362 2597 1484 2668 scilicet
1508 2621 1625 2666 eorum
1647 2599 1786 2668 nomina
1809 2601 1853 2668 ad

193 2689 356 2780 sincipem
380 2686 498 2756 relerri
521 2687 662 2775 debere,
695 2693 758 2784 qui
781 2691 925 2782 propriis
956 2683 1139 2754 commodis
1162 2686 1286 2780 magis,
1309 2711 1409 2783 quam
1434 2689 1638 2759 utilitatibus
1660 2690 1755 2782 publ.
1780 2707 1852 2758 stu·

165 2713 245 2848 dere
268 2775 467 2870 deprehensi
491 2777 627 2849 suerint
653 2782 769 2874 Longe
793 2780 857 2847 alia
882 2801 974 2846 mens
997 2789 1067 2862 est,
1091 2776 1459 2866 quibusconscientiae
1487 2777 1595 2848 adbuc
1617 2781 1776 2851 stimulus
1795 2805 1854 2848 su·

166 2879 296 2961 petest,
319 2889 466 2960 quorum
492 2892 534 2936 ue
556 2871 689 2940 animus
711 2895 730 2940 s
754 2870 811 2938 tali
837 2889 988 2961 perverso
1010 2864 1120 2934 studio
1145 2889 1247 2959 quam
1270 2870 1414 2938 maxime
1437 2869 1582 2936 alienus.
1606 2870 1652 2936 Hi
1668 2871 1798 2964 quippe
1812 2891 1849 2936 o·

164 2958 261 3028 mnis
292 2981 352 3026 sus
383 2893 522 3027 consilis
545 2977 580 3028 ct
601 2963 747 3030 actiones
778 2960 819 3028 ad
851 2959 990 3027 salutern
1014 2956 1159 3047 reipubl.
1193 2968 1363 3052 tamquam
1390 2981 1525 3051 scopum
1546 2960 1741 3044 conferunt,
1766 2959 1855 3028 illud

165 3048 340 3118 Ciceronis
363 3069 424 3140 pro
448 3073 563 3118 norma
586 3051 763 3120 habentes:
787 3049 898 3118 omnia
921 3048 1066 3129 scilicet,
1089 3071 1177 3140 quae
1198 3071 1217 3114 s
1242 3049 1338 3117 nobis
1361 3061 1549 3142 geruntur,
1564 3073 1633 3117 non
1648 3051 1690 3118 ad
1707 3071 1855 3120 nostram

167 3139 370 3220 utilitatem,
393 3137 451 3206 sed
474 3140 516 3207 sd
549 3143 675 3232 patriae
703 3144 846 3210 salutem
868 3163 937 3208 esse
959 3137 1173 3206 conserenda.
1199 3137 1245 3205 Et
1269 3137 1329 3208 hoe
1347 3141 1489 3232 quidem
1512 3141 1588 3231 jure
1610 3141 1739 3210 merito.
1763 3142 1855 3210 llaec

169 3229 296 3302 etenim
318 3227 375 3294 illa
398 3227 487 3295 salus
510 3245 580 3312 est,
605 3232 646 3300 ad
670 3255 772 3325 quam
796 3228 1053 3324 promovendam
1077 3229 1115 3296 in
1139 3227 1209 3296 soro
1231 3245 1299 3296 tam
1323 3249 1460 3298 externo
1481 3253 1583 3322 qnam
1608 3231 1744 3300 interno
1767 3232 1856 3300 obli-

167 3333 265 3418 gatus
295 3329 343 3384 est
376 3320 638 3410 unusquisque,
670 3323 751 3390 baec
773 3334 842 3406 est,
865 3319 908 3387 ad
931 3341 1032 3412 quam
1055 3341 1170 3387 omnes
1191 3319 1331 3388 omnino
1353 3322 1495 3388 virtutes
1516 3319 1620 3412 dirigi
1643 3319 1784 3390 dehent:
1809 3323 1856 3390 si·

168 3408 312 3508 quidem
335 3406 443 3474 virtus
467 3409 557 3475 nulla
583 3425 651 3494 est,
675 3433 765 3501 quac
787 3410 829 3474 ad
853 3409 981 3475 bonum
1006 3407 1179 3496 publicum
1204 3431 1273 3475 non
1295 3408 1423 3478 tendat.
1447 3411 1537 3477 Haec
1559 3409 1707 3504 denique
1729 3426 1777 3479 est
1789 3462 1799 3494 ,
1816 3413 1855 3479 in

167 3521 294 3598 quam,
316 3513 485 3652 tamquam
519 3498 621 3566 linem
654 3497 865 3592 jprudentiae
897 3497 1056 3562 ultimum
1088 3509 1123 3562 et
1156 3497 1396 3589 principalem,
1418 3519 1532 3563 omnes
1554 3498 1642 3588 legas
1664 3501 1854 3584 collimant,

196 3611 269 3658 nam
299 3609 382 3653 uea

167 3619 258 3774 leges
273 3611 456 3746 desudant.
480 3677 576 3768 Quae
598 3703 674 3748 cum
697 3681 742 3750 ita
765 3679 853 3758 sint,
877 3698 944 3744 non
968 3690 1039 3754 est,
1064 3685 1100 3740 ut
1121 3671 1350 3739 Romanorum
1375 3673 1453 3740 olim
1478 3698 1585 3743 mores
1608 3675 1667 3744 bac
1693 3681 1729 3745 in
1757 3691 1852 3770 parte

170 3775 364 3850 imitemur,
386 3769 449 3860 qni
465 3770 588 3861 quovis
610 3791 699 3837 anno
720 3769 891 3839 oraculum
914 3761 1150 3842 consulebant,
1175 3785 1218 3830 an
1233 3761 1411 3832 concedere
1426 3763 1547 3852 vellet,
1563 3788 1633 3859 quo
1648 3770 1855 3858 postularent

171 3864 311 3934 salutem
336 3857 459 3964 populo
481 3884 540 3926 seu
561 3859 707 3952 reipubl.
733 3859 838 3952 Quasi
862 3856 955 3925 nefas
976 3866 1058 3922 esset
1082 3852 1223 3920 salutem
1246 3852 1331 3943 reip.
1347 3851 1548 3942 desiderare,
1564 3857 1629 3922 nisi
1646 3858 1742 3924 venia
1759 3859 1855 3951 prius

171 3979 190 4024 a
214 3949 360 4020 Numine
383 3961 577 4040 impetrata,
599 3973 674 4018 cum
698 3953 809 4046 potius
831 3948 920 4017 ultro
941 3969 980 4013 ea
1003 3941 1186 4034 expetenda
1211 3943 1337 4012 veniat.
1362 3942 1428 4012 Nec
1449 3955 1519 4028 est,
1543 3957 1583 4012 ut
1599 3946 1761 4036 prolixius
1776 3973 1856 4018 cau-

170 4067 223 4204 qas
243 4041 428 4196 expliqenq,
451 4063 555 4146 quare
578 4064 728 4148 coacepsa
752 4039 836 4199 qqihi
859 4033 1315 4193 potqtmexpprqlapnie'xesrqqqpso
1317 4033 1510 4192 ¹1amqqagpriil.
1533 4034 1688 4195 {appium
1712 4038 1856 4198 juridlica

164 4149 870 4316 ,ellfflrtlsldlmmlldtluelixteqilalnqdaiils²
888 4151 987 4284 eninil
1012 4217 1238 4320 impraesens
1261 4236 1377 4320 neque
1397 4147 1538 4320 patritiisg
1548 4150 1669 4310 neuile,
1684 4151 1856 4313 lbierbibl

114 4389 118 4399 ,
173 4315 241 4384 ulla
276 4312 405 4380 ratione
435 4311 640 4382 inserviendi
671 4313 771 4382 detur
801 4309 924 4401 copia,
959 4327 1027 4373 non
1060 4304 1192 4372 inutilis
1223 4317 1333 4372 tamen
1367 4321 1503 4371 interam
1535 4304 1629 4374 labor
1663 4305 1855 4394 dicendus,

173 4403 317 4474 theorice
354 4401 446 4493 prius
481 4401 680 4494 indagasse,
711 4404 748 4470 in
783 4411 947 4494 quantum
979 4395 1160 4488 quisque,
1193 4393 1326 4486 publico
1357 4393 1509 4476 debeat,
1543 4407 1578 4463 et
1616 4397 1653 4463 in
1685 4417 1854 4490 quantum

173 4498 261 4587 reip.
287 4495 441 4560 interesse
466 4492 672 4586 inpartibus
703 4488 884 4579 aliquando
906 4483 1078 4552 credendis
1107 4484 1150 4552 sit
1173 4483 1432 4553 attendendum.
1458 4483 1630 4576 Equidem
1652 4487 1743 4556 baud
1766 4488 1857 4558 dilii-

175 4603 269 4672 teor,
293 4585 467 4651 materiam
501 4582 584 4651 banc
606 4583 651 4651 ob
675 4583 882 4650 nobilitatem
911 4599 1007 4642 snam
1030 4575 1262 4642 accuratiorem
1286 4575 1407 4643 mereri
1430 4573 1565 4664 limam,
1590 4601 1705 4646 verum
1729 4577 1789 4646 boe
1812 4579 1864 4652 ad.

174 4689 354 4746 tractatum
386 4697 453 4744 uon
486 4673 631 4741 dialesiu
663 4673 860 4742 scribentem
883 4668 1036 4746 remitto,
1061 4665 1146 4733 mibi
1170 4677 1355 4756 praesentes
1378 4667 1518 4757 paginae
1541 4665 1582 4734 ad
1605 4691 1739 4760 scopum
1762 4667 1857 4736 sulfi-

175 4771 281 4840 ciuut.
316 4765 354 4834 Si
390 4777 502 4832 tamen
534 4787 595 4833 nec
627 4766 665 4832 in
688 4763 740 4831 bis
761 4759 872 4830 omnia
895 4758 937 4824 sd
985 4757 1108 4823 alatum
1129 4767 1249 4841 erunt,
1272 4773 1331 4822 aut
1353 4758 1432 4825 alias
1455 4755 1577 4824 alicubi
1602 4756 1714 4848 lapsus
1736 4757 1855 4844 luero,

175 4857 268 4956 quod
291 4858 326 4926 in
351 4869 443 4925 tanta
465 4879 602 4924 casuum
627 4853 817 4922 diversitate
840 4848 881 4917 de
905 4779 991 4916 sacili
1017 4845 1087 4912 lieri
1111 4855 1238 4938 potest,
1265 4843 1418 4915 cordatus
1440 4844 1540 4913 lector
1564 4869 1624 4939 pro
1647 4847 1854 4920 humanitate

35 5003 43 5016 .
173 4973 234 5023 sus
259 4949 337 5016 haec
359 4947 570 5028 emendabit,
594 4944 646 5014 vel
669 4945 834 5036 ignoscet,
856 4961 934 5006 cum
958 4936 1037 5004 alias
1059 4959 1204 5004 errorem
1229 4935 1265 5002 in
1290 4933 1425 5005 homine
1447 4935 1662 5024 calumniari,
1685 4939 1727 5007 sit
1753 4949 1854 5008 totam

173 5041 410 5116 mortalitatem
432 5037 590 5110 conuiciis
614 5031 832 5130 proscindere.
856 5029 914 5100 Tu
937 5050 1014 5102 reto
1037 5023 1132 5096 Deus
1154 5047 1266 5096 annue
1280 5027 1423 5121 coeptis!

409 3588 472 3655 huc
496 3588 699 3674 intendunt,
717 3597 884 3685 quotquot
908 3584 960 3654 vel
983 3585 1066 3652 circa
1090 3583 1243 3648 serendas
1268 3583 1321 3650 rel
1344 3583 1557 3676 exequendas
1573 3585 1626 3652 rel
1644 3589 1855 3680 applicandas
1966 3585 1971 3592 ’
