4338 6240
217 357 248 400 st
287 362 362 402 oona.
379 355 421 398 ιι.
434 359 462 398 ιι.
475 353 499 398 ι.
517 339 907 400 lemvartonam...
925 354 983 395 ιιι.
1003 341 1034 394 ld
1048 358 1109 395 vero

286 429 419 498 disputari
438 429 519 482 solet:
537 445 570 479 an
589 443 622 480 ex
641 429 687 481 illa
706 429 822 480 clausula
840 428 917 480 saluo
933 426 997 496 jure
1006 424 1113 494 imperii

285 530 349 568 mos
368 513 498 580 subjectio
517 510 657 565 inferenda
678 511 732 564 sit?
756 512 817 580 Agit
829 511 862 562 de
874 529 905 564 eo
924 509 1047 562 Meooeh.
1062 509 1110 562 lilt.

289 611 313 654 ι.
339 613 416 650 ιοιιι.
437 609 463 648 r.
483 614 560 650 num.
580 607 621 648 ιι.
639 613 712 666 seqq.
731 595 777 648 uhi
798 605 903 659 mouet,
922 595 1110 648 Geouensibus

261 673 264 680 ¹
285 693 425 755 propterea
441 679 575 749 objectum
594 697 667 746 esse,
685 679 755 749 quod
774 679 890 750 imperio
911 679 1023 748 subjecti
1044 681 1109 747 sint,

284 763 349 836 qnia
368 764 515 836 imperator
538 765 569 816 iu
593 763 765 818 oonoeuione
780 761 892 834 qondam
915 761 949 815 ah
971 761 1040 831 ipsis
1059 763 1110 815 irn-

283 859 406 925 petrata,
424 849 568 902 clausulam
586 849 662 900 illam
678 849 755 902 seluo
763 847 827 917 jure
839 846 947 916 imperii
958 845 1109 913 subjecerat.

213 949 247 994 n
286 933 339 987 set
357 932 523 1003 respondet,
548 948 581 984 es
606 932 652 984 illa
676 932 729 984 sola
754 931 873 988 clausula
893 932 994 984 nullam
1013 930 1108 984 iolarri

948 247 1144 306 ntsrU‘rt'r.
1161 250 1194 305 X·
1212 247 1331 305 CAPUT
1349 247 1400 305 tlt.

1160 341 1232 395 idem
1251 344 1363 398 vassallo
1375 341 1489 407 auferre,
1501 349 1530 396 ιι
1542 357 1576 394 ιιι
1585 341 1710 396 vassallus
1722 359 1750 398 tte
1761 341 1892 415 obsequio
1905 342 1982 416 pritt-

1157 427 1229 496 cipis
1247 426 1412 482 investientis
1430 428 1516 498 possit
1535 427 1691 480 subtrahere
1706 438 1758 481 eto.

1195 510 1268 578 Quid
1286 510 1309 562 si
1327 519 1416 564 autern
1436 510 1545 563 leudam
1564 529 1625 564 corn
1645 523 1768 582 potestate
1785 513 1918 568 alienandi
1931 511 1981 567 ali·
2017 507 2052 557 ⁸²

1157 591 1200 644 eoi
1218 591 1390 656 eoncedator,
1412 591 1458 645 sed
1475 592 1619 662 adjleiator
1636 595 1751 648 clausula
1762 590 1915 664 salminse
1927 614 1981 651 no·

1157 685 1215 728 stro
1235 687 1262 728 et
1280 672 1455 744 salvofiudi
1470 687 1582 744 notura,
1595 695 1630 730 ιιι
1649 679 1687 730 ita
1699 681 1811 733 vassallo
1821 679 1909 734 adhoc
1921 679 1979 735 leu-

1159 759 1187 812 di
1206 761 1332 814 alienatio
1350 760 1499 832 permissa?
1517 761 1552 817 Et
1569 779 1624 814 non
1642 762 1755 828 videtur,
1774 763 1798 818 si
1811 763 1886 818 enirn
1905 763 1980 818 leudi
2017 761 2052 808 ⁸²

1159 855 1253 900 natura
1271 845 1350 899 debet
1367 861 1425 898 esee
1443 847 1521 910 salva,
1540 862 1594 898 non
1606 845 1684 900 debet
1697 847 1768 901 idem
1780 847 1904 912 alienari,
1916 867 1980 904 outta

1156 930 1191 982 ad
1211 931 1338 984 naturalia
1357 931 1429 984 leudi
1448 931 1592 1001 pertineat,
1607 936 1679 1002 quod
1698 934 1737 988 sit
1756 935 1930 988 inalienabile
1954 947 1980 989 ι.

283 1014 494 1082 ιιιιῑιιιίοιιιιιις
513 1025 554 1069 ιιι
572 1016 645 1068 euim
663 1015 710 1068 illa
734 1015 849 1067 clausola
868 1015 936 1083 juris
953 1012 1109 1084 imperatori
1147 1009 1181 1081 f.
1201 1027 1241 1066 ss.
1263 1017 1384 1069 Wnrms.
1403 1024 1435 1068 tr.
1454 1013 1570 1084 defiud.
1589 1016 1720 1086 impropr.
1735 1019 1821 1073 olous.
1837 1031 1861 1072 t.
1873 1030 1938 1074 aeet.
1957 1030 1979 1072 ι.

284 1099 464 1169 ιυιιιριιιιιιίι
483 1099 640 1161 reservatio,
658 1113 712 1152 non
744 1106 774 1150 ut
800 1113 898 1150 uorum
917 1098 960 1166 jus
977 1095 1108 1148 edentur.

213 1195 245 1242 ts
283 1184 315 1240 si
332 1200 397 1251 ergo
414 1191 476 1236 ante
500 1183 574 1236 illato
598 1181 743 1235 clausulam
769 1180 917 1250 imperator
936 1180 978 1247 jus
996 1179 1107 1249 imperii

280 1267 313 1322 in
330 1267 487 1320 Geoueosea
506 1284 560 1320 ooo
579 1266 689 1332 habuit,
717 1266 787 1318 illud
804 1264 829 1320 ri
851 1264 926 1316 illins
953 1264 1107 1318 reservatio-

280 1353 327 1410 nis
351 1369 405 1408 non
429 1353 609 1422 consequitor.
635 1351 715 1404 Unde
739 1368 768 1402 ιι.
792 1361 835 1401 ιι.
859 1347 987 1400 hleooeh.
1014 1347 1104 1414 addit,

282 1438 360 1492 lttan
378 1438 542 1500 clausulam,
560 1436 631 1488 salvo
649 1437 708 1503 jure
727 1433 853 1505 imperii,
867 1431 1104 1485 esseconditiooa·

280 1522 352 1588 lem,
372 1533 399 1577 et
415 1521 546 1589 intelligi,
565 1521 590 1573 si
607 1521 650 1587 ¹jus
668 1519 774 1588 aliquod
793 1533 826 1570 ιι
844 1517 896 1569 alia
914 1533 1008 1579 ιιιιι,
1026 1533 1103 1585 quarn

281 1623 350 1677 quae
374 1607 405 1659 iu
431 1603 569 1676 privilegio
589 1619 731 1673 expressa,
759 1611 942 1672 competeret,
968 1601 1036 1670 quod
1057 1602 1106 1654 hoo

210 1688 243 1734 Η
280 1690 382 1745 ultum
405 1706 465 1743 esse
489 1688 590 1741 debeat.
617 1689 823 1756 Praesupposito
840 1703 922 1751 sero,
946 1685 1102 1754 imperatori

279 1777 323 1846 jus
343 1771 476 1844 quoddam
494 1782 659 1842 eornpetere,
678 1770 729 1822 hoo
748 1768 882 1820 illibatum
903 1779 1008 1832 rnauet,
1025 1768 1063 1820 ita
1075 1779 1104 1821 ιιι

278 1861 323 1930 jus
341 1859 420 1910 alteri
439 1872 593 1909 conoessum
614 1872 643 1907 se
661 1854 834 1908 subordinate
856 1852 967 1917 haheat,
987 1870 1039 1906 nou
1058 1869 1103 1907 ex-

279 1943 389 1996 elusire.
409 1940 456 1994 sie
475 1939 499 1992 si
518 1939 671 1992 omnimoda
698 1937 848 2007 jurisdictio
874 1951 995 1990 muscosa
1020 1939 1102 1991 soluo

275 2026 339 2096 iure
352 2023 462 2094 imperii
479 2040 525 2076 ten
544 2021 693 2094 imperialis
713 2021 832 2088 iustitiae
851 2021 995 2089 dignitate,
1014 2021 1044 2074 id
1062 2038 1102 2074 re·

283 2120 416 2166 serratum
434 2107 561 2170 videtur,
585 2117 616 2158 ut
640 2106 809 2176 privilegiato
836 2105 939 2174 primae
964 2105 1106 2158 instantiae

280 2189 445 2248 heneficium
462 2198 622 2259 competat,
648 2191 780 2259 gradatim
799 2206 881 2253 vero,
906 2205 952 2242 seo
969 2207 1016 2259 per
1036 2191 1104 2242 riam

282 2275 496 2348 appellationis,
522 2284 569 2326 aut
593 2275 621 2326 in
649 2291 709 2326 casu
736 2273 878 2344 denegatae
896 2274 1015 2340 justitiae
1033 2275 1065 2326 ad
1083 2291 1103 2326 s.

281 2359 387 2412 Caesar.
407 2361 575 2426 majestatem
590 2358 669 2410 aletur
689 2371 828 2422 recursus,
848 2355 942 2408 Klooh.
961 2356 1064 2410 volum.
1084 2367 1104 2408 ι.

280 2460 360 2498 oona.
377 2453 417 2496 to.
431 2461 461 2496 u.
476 2452 519 2498 st.
532 2440 608 2494 Crat.
627 2457 703 2494 cous.
725 2449 771 2492 ιιι
799 2457 828 2492 ιι.
842 2450 885 2493 ιι.
896 2440 946 2494 rid.
959 2456 1031 2510 supr.
1042 2459 1065 2493 c.
1079 2452 1103 2491 r.

281 2545 357 2584 trum.
377 2539 420 2580 ro.

316 2613 425 2666 Exinde
448 2610 610 2681 generaliter
634 2609 837 2674 concludimusr
863 2611 1005 2665 elausolaro
1022 2612 1104 2664 soluo

276 2698 341 2769 r‘ure
358 2715 412 2753 non
431 2714 489 2751 esse
513 2697 576 2750 novi
604 2697 673 2764 juris
693 2695 917 2760 introductis-am,
937 2699 984 2748 sed
1004 2695 1103 2748 ceteris

280 2786 468 2838 reservatiram
487 2791 515 2836 et
533 2780 755 2841 confirmativam.
769 2777 915 2835 Confirmat
925 2781 1050 2845 euimjos
1063 2798 1104 2834 re-

281 2867 421 2931 sera-antis,
441 2867 535 2920 Kloolt.
552 2868 656 2919 stolum.
675 2879 695 2918 ι.
710 2881 786 2918 cous.
805 2876 845 2918 to.
860 2883 887 2916 ιι.
907 2877 963 2918 ιιι.
983 2865 1105 2934 necqui-

281 2972 375 3026 equam
395 2952 456 3005 nori
474 2953 534 3016 dat,
558 2949 605 3001 sed
633 2957 750 3002 reservat
767 2950 809 3015 jus
832 2949 887 3015 jam
905 2957 982 3000 antea
1000 2966 1104 3018 compe·

279 3049 347 3103 teus,
371 3037 467 3088 Klooh.
492 3035 518 3088 d.
541 3032 642 3088 colum.
672 3043 693 3084 1.
721 3047 795 3085 cous.
824 3041 864 3083 ιι.
882 3049 911 3086 ιι.
931 3043 973 3084 ιι.
992 3032 1103 3084 Derion.

281 3123 339 3175 ool.
359 3133 383 3174 ι.
401 3135 475 3173 eous.
498 3129 538 3171 to.
557 3135 584 3170 ιι.
605 3127 648 3168 ιι.
667 3115 727 3171 vid.
744 3130 818 3182 supr.
837 3133 859 3168 c.
882 3125 906 3166 t.
925 3133 950 3167 ιι.
973 3125 1013 3168 ιι.
1031 3116 1106 3172 Sicut

267 3215 308 3264 ,ιι
326 3205 415 3256 omnis
433 3202 577 3255 reservatio
601 3199 812 3270 praesupponit,
831 3201 872 3266 jus
889 3199 999 3268 aliquod
1019 3217 1103 3252 reser-

280 3301 366 3342 ratum
384 3285 558 3347 antecederet
575 3283 644 3354 quod
664 3285 737 3336 enim
756 3299 809 3335 non
828 3293 885 3349 est,
906 3285 1036 3338 reservari
1055 3301 1101 3337 ue·

281 3373 351 3441 quit,
365 3388 422 3439 arg.
440 3387 463 3423 e.
483 3382 507 3422 t.
524 3387 554 3420 e.
571 3369 605 3422 de
623 3369 778 3422 renunciat.
798 3369 850 3420 Seu
870 3376 900 3419 ut
917 3367 962 3418 dd.
981 3369 1052 3437 loqui
1071 3389 1101 3421 a·

280 3465 367 3512 mant:
385 3453 526 3508 reservatio
544 3471 597 3507 non
617 3452 756 3522 reperiens
773 3451 931 3504 reserrahile
950 3453 1020 3504 nihil
1040 3470 1104 3523 ope-

284 3551 375 3604 ratur,
394 3539 485 3608 Angel.
504 3537 533 3590 itt
560 3539 577 3590 l.
602 3537 629 3592 u·
652 3535 713 3608 quis
740 3535 876 3608 legaverit
892 3535 934 3605 ff
949 3538 984 3591 tle
1000 3538 1051 3605 leg·
1076 3541 1102 3592 l.

280 3624 360 3677 Natta
378 3623 436 3676 stol.
456 3633 480 3675 t.
497 3637 574 3675 eous.
596 3632 656 3674 oto.
675 3637 701 3671 ιι.
724 3631 785 3672 ιιι.
805 3619 963 3691 Exemplum
982 3623 1042 3688 ejus
1060 3631 1102 3675 est

281 3707 310 3762 irt
330 3708 348 3758 l.
370 3717 395 3759 t.
412 3705 442 3758 iu
451 3703 512 3776 fin.
521 3700 561 3772 ff.
579 3719 677 3757 comm.
693 3703 785 3770 proed.
804 3702 851 3756 ubi
863 3720 922 3756 eum
935 3704 1051 3758 tenditis
1063 3723 1104 3758 ιι-

281 3791 361 3844 dibus
383 3790 510 3846 conditor
533 3789 622 3842 hierio
644 3796 804 3842 reservasset
829 3790 1004 3850 seruitutem,
1022 3807 1102 3859 quam

282 3877 388 3949 putabat
404 3875 457 3929 sibi
475 3873 602 3937 debitam,
621 3873 645 3925 si
665 3874 737 3926 nulla
756 3872 893 3938 debeatur,
906 3873 1045 3928 servitutis
1058 3891 1101 3929 re·

280 3961 395 4015 servatio
414 3959 483 4012 nihil
500 3966 636 4028 operatur.

316 4043 383 4096 Cum
400 4061 462 4098 vero
481 4041 553 4093 nihil
569 4037 788 4092 concessionibus
807 4037 949 4091 feudorum
968 4055 1014 4094 seu
1032 4039 1102 4096 inre·

279 4129 383 4184 atituris
401 4125 633 4197 frequentissimae
651 4124 707 4174 slot
719 4122 781 4174 illae
793 4124 1003 4186 reservationes,
1017 4133 1046 4177 et
1058 4127 1100 4194 ju·

281 4214 352 4268 rium
377 4211 553 4274 salvationes,
579 4207 619 4259 uti
643 4208 804 4275 loquuntur,
830 4205 864 4257 de
888 4205 931 4258 his
962 4207 1100 4278 speciatim

282 4297 435 4356 ridendum.
461 4295 495 4346 Et
514 4294 603 4362 primo
622 4293 678 4344 loeo
696 4291 745 4341 hoe
762 4291 898 4342 occurrit:
917 4291 940 4342 si
961 4292 1100 4348 investito·

281 4397 327 4435 rae
339 4379 419 4433 leudi
436 4377 579 4444 adjectum·
596 4374 678 4428 soluo
688 4373 750 4443 Ῐιιιι
762 4373 970 4442 superioritotis,
988 4377 1055 4447 quid
1069 4381 1101 4432 tt-

280 4469 306 4520 1.
325 4459 451 4519 involvat?
470 4458 562 4514 Refert
578 4475 636 4514 eaut
653 4458 796 4512 clausulam
815 4459 909 4511 Zosius
926 4457 1063 4527 defendis
1071 4482 1100 4535 p.

281 4569 311 4603 ιι.
331 4561 373 4601 aa.
390 4545 422 4599 ad
441 4545 589 4601 dominium
608 4543 757 4608 directum,
775 4541 809 4596 ad
827 4543 978 4602 dominium
988 4564 1053 4601 rem
1071 4567 1100 4602 o.

282 4633 332 4686 tile
348 4647 405 4685 eam
423 4629 559 4700 pertinere
572 4637 660 4697 negat,
673 4645 734 4680 corn
748 4627 818 4680 nihil
831 4641 957 4700 operetur
969 4631 1017 4684 illa
1028 4634 1101 4686 clau·

282 4719 338 4771 aula
356 4716 384 4767 in
402 4731 443 4779 eo,
462 4728 611 4783 superque
629 4711 715 4767 luerat
727 4711 918 4785 principaliter
930 4713 1099 4787 dispositum.

282 4801 335 4854 Sed
349 4799 489 4874 ¹displicet
511 4797 557 4848 illa
583 4796 711 4851 sententia
737 4798 841 4852 Martae
865 4797 899 4852 tle
921 4798 1005 4852 olotrr.
1027 4816 1055 4867 p.
1075 4809 1099 4852 ι.

281 4889 368 4946 olous.
388 4897 431 4938 st.
456 4902 485 4936 ιι.
512 4891 537 4934 ι.
563 4881 609 4951 qui
634 4881 787 4946 existimat,
806 4882 879 4942 illam
897 4883 1100 4938 reservationem

280 4971 313 5023 ad
331 4973 372 5036 ios
390 4965 590 5038 superioritatis
615 4977 734 5037 respeetn
751 4967 827 5020 utilis
846 4967 962 5022 dominii
981 4967 1100 5038 pertine·

273 5071 327 5119 -re,
345 5054 403 5109 seii.
419 5052 489 5123 quod
513 5051 626 5106 noluerit
650 5067 679 5104 se
703 5053 829 5122 princeps
848 5054 1036 5124 superioritate
1053 5053 1099 5107 ah·

210 5164 241 5208 ιι
279 5140 378 5200 dicare
397 5140 497 5200 Verum
515 5135 632 5207 priorem
651 5135 812 5194 sententiam
831 5136 1006 5206 amplectitur
1019 5137 1101 5190 Fran·

269 5227 366 5285 ,ιίιιιιι
379 5223 490 5286 ¹llursat.
508 5222 527 5274 l.
548 5233 665 5282 trous.
687 5229 744 5274 ttt.
756 5237 783 5280 ιι.
804 5229 830 5272 ι.
848 5219 903 5274 Νοι
917 5239 979 5275 vero
1000 5231 1119 5275 utramv

276 5331 329 5386 que
354 5311 514 5366 sententiam
535 5306 736 5376 oonjnngitnus,
755 5316 788 5360 ,ιι
815 5322 868 5366 nou
888 5307 983 5362 saltem
1001 5307 1099 5363 lirant

272 5401 327 5455 sed
344 5407 371 5453 et
390 5396 463 5450 utilis
481 5393 596 5447 dominii
613 5391 815 5445 reservationem
827 5393 984 5454 continere,
997 5391 1055 5443 soil.
1070 5392 1099 5444 iu
1120 5403 1121 5406 ’

279 5492 406 5556 quantum
425 5480 467 5549 jus
482 5477 559 5530 utilis
578 5473 691 5527 dominii
711 5474 740 5526 in
759 5473 897 5528 rtsssllttm
918 5488 971 5527 nou
991 5474 1099 5526 transla-

278 5582 351 5634 ιυω,
370 5587 394 5623 e.
412 5583 438 5638 g.
456 5573 485 5617 ut
504 5559 717 5630 jurisdictionem
740 5557 770 5611 io
788 5556 928 5611 sassallurn
952 5555 1033 5611 etlam
1053 5574 1095 5609 ra·

280 5659 354 5716 none
367 5652 452 5711 utilis
477 5645 593 5706 dominii
619 5644 748 5712 retineat,
768 5652 796 5697 et
812 5640 899 5716 possit
915 5639 951 5697 oh
968 5641 1095 5700 deltoton

206 5812 279 5832 β

1156 1116 1184 1152 ιι.
1207 1111 1245 1152 ts.
1265 1099 1321 1154 imo
1339 1101 1381 1166 jus
1399 1098 1502 1152 domini
1520 1100 1715 1169 quadamtenus
1734 1101 1930 1168 intersertitur,
1948 1101 1983 1156 ad

1155 1181 1300 1236 minimum
1313 1183 1417 1238 ratione
1429 1185 1534 1236 vassalli
1546 1185 1704 1247 alienantier
1718 1185 1788 1239 illud
1802 1205 1864 1242 veru
1875 1189 1977 1243 salvete

1155 1281 1260 1320 manere
1276 1266 1388 1320 debebat
1401 1268 1425 1319 ri
1439 1269 1528 1322 dictae
1539 1269 1734 1332 reservationis.
1746 1271 1844 1324 Verum
1858 1289 1912 1326 non
1924 1273 1978 1327 ob·

1153 1359 1240 1401 stante
1259 1349 1304 1403 illa
1322 1351 1437 1403 clausula
1455 1351 1566 1406 leudam
1583 1352 1759 1406 nihilominus
1771 1353 1885 1406 alienari
1898 1371 1979 1424 posse

1154 1431 1236 1486 tradit
1254 1435 1360 1488 Bursat.
1379 1435 1397 1487 t.
1421 1445 1442 1486 t.
1461 1452 1539 1489 eous.
1559 1447 1582 1487 t.
1596 1455 1624 1488 ιι.
1640 1447 1681 1490 ιι.
1694 1437 1774 1491 ilatio
1786 1453 1820 1490 ea
1832 1436 1978 1510 illisque·
2017 1429 2052 1478 ²⁴

1154 1517 1277 1587 superius
1294 1517 1422 1586 ιιΙιΙιιιιι,
1440 1519 1469 1572 in
1488 1520 1602 1574 obscuro
1618 1537 1676 1574 esse
1693 1521 1803 1590 nequit,
1821 1538 1883 1574 corn
1902 1531 1978 1592 pote·

1152 1609 1205 1651 atas
1223 1601 1362 1654 alienandi
1378 1605 1491 1657 vassallo
1511 1621 1558 1675 per
1582 1620 1737 1674 expressum
1756 1605 1814 1660 data
1824 1643 1835 1672 ,
1855 1623 1918 1676 ergo
1936 1623 1980 1660 re·

1151 1684 1265 1738 servatio
1284 1687 1350 1750 iuris
1367 1688 1401 1740 ad
1422 1689 1492 1741 huno
1508 1704 1598 1742 casnm
1623 1703 1780 1758 expressunt
1800 1691 1913 1746 ennodi
1933 1709 1981 1746 tto·

1151 1766 1216 1834 quit,
1235 1769 1291 1822 uta.
1304 1786 1378 1838 supr.
1390 1773 1507 1826 horon.
1521 1783 1560 1826 to.
1574 1772 1605 1824 td
1618 1760 1843 1844 ergooperahitnr
1854 1791 1976 1830 reserva·
2016 1789 2052 1836 -ιι

1153 1851 1203 1912 tio,
1222 1861 1252 1904 ut
1270 1853 1307 1917 is,
1327 1854 1357 1906 in
1374 1873 1454 1924 quern
1471 1858 1615 1910 alienatam
1635 1857 1762 1922 lendum,
1780 1876 1835 1912 nott
1854 1859 1908 1914 alio
1923 1861 1981 1916 nisi

1153 1933 1203 1986 suh
1223 1935 1296 1988 leudi
1315 1939 1392 1992 titolo
1409 1952 1438 1993 et
1456 1942 1583 2010 qualitate
1603 1941 1675 1994 idern
1694 1942 1795 1995 habere
1814 1944 1912 2014 possit,
1926 1965 1982 2016 quo

1152 2013 1260 2070 ιιιιιιιίιιο
1278 2019 1347 2073 salva
1367 2035 1485 2078 maneant
1504 2023 1628 2087 servitia,
1645 2034 1673 2077 ιι
1690 2025 1743 2077 alia
1756 2063 1763 2088 ,
1778 2025 1811 2078 ad
1824 2045 1889 2096 quae
1901 2030 1981 2100 prior

1153 2101 1278 2154 vassallus
1298 2104 1440 2172 obligatos.
1460 2109 1518 2159 luto
1537 2119 1687 2162 reservatur
1706 2112 1741 2162 ita
1760 2111 1870 2166 domino
1890 2113 1981 2170 laode-

1153 2182 1235 2235 mium
1256 2185 1285 2236 in
1304 2185 1466 2240 alienatione
1483 2187 1560 2243 leudi
1578 2192 1707 2262 praestari
1726 2193 1853 2261 solitum,
1873 2196 1981 2252 Ilorsat.

1152 2265 1170 2316 l.
1186 2277 1211 2318 ι.
1224 2284 1300 2320 cous.
1316 2281 1374 2322 ιιι.
1390 2288 1418 2322 ιι.
1436 2281 1474 2324 ta.

1187 2349 1219 2401 ln
1239 2349 1338 2404 debitis
1356 2353 1507 2407 feudalibus
1526 2365 1619 2409 notum
1639 2369 1692 2424 est,
1708 2378 1738 2414 ea
1752 2377 1805 2416 non
1819 2363 1977 2434 subsistere,
2018 2365 2051 2410 ἥ

1153 2433 1208 2484 nisi
1225 2451 1355 2489 eooseosn
1372 2437 1477 2491 domiui
1495 2439 1552 2494 sint
1578 2443 1701 2509 munita,
1721 2462 1780 2497 eum
1800 2463 1853 2499 nou
1867 2447 1982 2504 licitum

1152 2514 1189 2569 sit
1207 2519 1333 2584 vassallo,
1352 2521 1459 2593 propria
1477 2532 1572 2594 sponte
1584 2525 1640 2576 ullo
1653 2525 1983 2602 hypothecaeotseregra·

1153 2615 1214 2652 vare
1232 2600 1360 2669 seudum,
1382 2616 1406 2656 ι.
1414 2604 1446 2674 s.
1470 2621 1506 2658 rr.
1525 2608 1614 2661 Struv·
1632 2611 1920 2683 syat.1feaat.e.ta.
1937 2619 1980 2672 tls.

1153 2691 1177 2732 t.
1192 2683 1323 2738 Dominus
1342 2705 1404 2740 vero
1423 2685 1547 2759 specifice
1571 2693 1728 2748 consentire
1747 2697 1841 2762 debet,
1858 2701 1926 2756 adeo
1943 2713 1976 2758 ut

1152 2766 1222 2820 nuda
1241 2780 1390 2825 contemtus
1408 2789 1455 2825 ιιι
1478 2773 1655 2843 obligationis
1673 2775 1861 2846 ooohrotatio,
1880 2783 1947 2839 laeta
1966 2807 1982 2841 ι

1153 2851 1291 2922 principe,
1317 2871 1372 2907 ooo
1398 2855 1497 2910 inierat
1522 2875 1681 2913 eonsensum
1701 2863 1804 2916 ratione
1822 2865 1983 2936 hypothecae

1154 2931 1289 3000 leudulis,
1306 2938 1380 3004 cujus
1398 2939 1427 2992 in
1446 2941 1610 3010 obligatione
1629 2945 1728 3000 mentio
1741 2944 1814 3002 ¹laeta
1832 2962 1898 3016 erat,
1917 2953 1982 3008 Cat·-

1154 3031 1195 3084 pa.
1212 3017 1231 3067 1.
1252 3028 1275 3070 t.
1292 3036 1360 3088 resp.
1387 3033 1430 3075 rs.
1443 3042 1471 3076 ιι.
1486 3038 1510 3079 s.
1524 3025 1594 3080 Nam
1613 3037 1639 3080 et
1659 3030 1689 3083 io
1709 3031 1754 3082 tali
1773 3029 1981 3093 ooohrtnatioua
2020 3031 2051 3077 ⁸²

1152 3102 1266 3154 clausola
1281 3105 1429 3174 soluop'ure
1441 3121 1546 3164 nostro:
1554 3113 1795 3183 subintelligenda,
1813 3118 1886 3172 soil:
1906 3123 1982 3178 salse

1152 3182 1198 3236 illo
1217 3186 1288 3250 iure,
1307 3191 1377 3257 quand
1396 3201 1471 3246 eatra
1488 3190 1727 3252 confirmationem
1745 3203 1983 3275 uobis.oontpetit,·

1153 3263 1320 3324 confirmatio
1347 3290 1408 3327 vero
1433 3277 1530 3330 oudam
1557 3290 1708 3336 maurotus
1732 3287 1980 3356 approbationem,

1151 3369 1204 3404 non
1231 3358 1410 3410 perennium
1436 3359 1467 3412 in
1492 3362 1670 3432 hypothecam
1695 3383 1852 3424 eonsensum
1882 3372 1980 3430 infert.

1154 3437 1479 3507 Quidsiveroiodebiturn
1489 3443 1592 3500 leudale
1599 3465 1722 3520 expresse
1728 3458 1891 3510 mnsenserit
1902 3460 1979 3529 prin·
2018 3458 2048 3503 ⁸⁸

1152 3536 1229 3588 ceps,
1247 3522 1295 3574 sed
1311 3523 1415 3592 adjecta
1434 3528 1549 3584 clausula
1563 3531 1644 3586 solvo
1653 3537 1715 3603 p'ure
1731 3551 1792 3604 suo,
1806 3537 1917 3594 dubium
1931 3553 1980 3610 est,

1152 3601 1217 3669 quid
1234 3618 1377 3660 cousensus
1395 3609 1441 3662 ille
1458 3625 1605 3681 operetur,
1624 3625 1652 3668 et
1669 3635 1704 3671 an
1723 3619 1780 3689 ipse
1799 3623 1934 3690 dominus,
1953 3625 1980 3679 si

1151 3683 1258 3740 laudum
1275 3689 1308 3742 ad
1325 3709 1385 3746 eum
1399 3693 1490 3749 luerit
1507 3714 1653 3765 reversum,
1674 3703 1707 3756 ad
1726 3707 1919 3762 exsolutionem
1935 3727 1981 3764 ae·

1152 3769 1191 3822 ris
1207 3773 1290 3826 alieni
1317 3777 1355 3828 ait
1378 3778 1547 3834 obstrietus?
1564 3784 1720 3854 Negaodum
1746 3789 1797 3844 hoe
1822 3791 1979 3863 videbatur,
2016 3813 2049 3859 ιι

1151 3857 1200 3910 itta
1218 3861 1292 3914 euim
1315 3864 1431 3918 clausula
1456 3870 1628 3936 reseruatira,
1646 3891 1714 3942 quae
1731 3875 1866 3931 interdurn
1886 3882 1980 3949 expri-

1151 3942 1250 4009 mitur,
1267 3947 1334 4004 doss
1344 3948 1433 4003 dieser
1448 3952 1587 4007 ertlreilete
1599 3969 1714 4010 consens
1729 3975 1782 4014 uos
1795 3961 1838 4012 als
1851 3961 1912 4015 daea
1926 3965 1980 4020 le·

1150 4023 1307 4084 dett-Herm
1333 4053 1371 4086 tarr
1396 4051 1499 4090 ιιιιιιιιι
1517 4039 1640 4092 [ιιιΙιιιιι
1660 4041 1719 4095 und
1740 4045 1978 4116 Gareclatipkeitea

1149 4109 1209 4180 cus
1227 4114 1284 4168 olle
1307 4115 1404 4171 Facile
1428 4121 1653 4176 uunoolrtheiliela
1678 4125 1738 4180 rud
1753 4127 1981 4200 oneefiaeupliels

1148 4211 1214 4265 seyu
1232 4199 1316 4264 salte,
1340 4218 1421 4255 omne
1440 4205 1482 4269 jus
1500 4204 1615 4259 domiuo
1637 4217 1754 4264 reservat
1773 4219 1802 4262 et
1820 4229 1980 4270 consensum

1149 4283 1290 4354 restringit
1306 4287 1339 4340 ad
1356 4306 1499 4358 personant
1517 4293 1623 4344 vassalli
1647 4310 1806 4348 ιιιιιιιιιιιιι
1825 4297 1975 4368 imploran-

1149 4366 1193 4420 tis.
1210 4367 1266 4422 Nee
1283 4371 1389 4441 penitus
1407 4373 1467 4428 siue
1484 4374 1559 4450 omni
1576 4375 1670 4433 affeetu
1686 4379 1977 4450 eritilleoonsensos,
2016 4381 2050 4444 ,⁸0

1147 4451 1269 4520 quamvis
1275 4452 1413 4510 dominum
1422 4458 1739 4517 oooreddatdehltorem:
1749 4464 1847 4534 partim
1860 4469 1934 4522 enim
1948 4467 1979 4522 id

1148 4546 1289 4606 operatur,
1307 4557 1341 4593 ne
1355 4542 1484 4596 sanabor
1501 4544 1644 4614 obligando
1660 4545 1772 4600 lendum
1787 4548 1874 4602 inscio
1885 4549 1976 4606 dorai·

1149 4639 1184 4676 uo
1202 4623 1326 4680 felloniae
1343 4643 1404 4680 reos
1429 4630 1590 4699 postuletur:
1607 4633 1723 4703 partina,
1741 4643 1774 4706 ιιι1
1788 4635 1914 4692 maninus
1933 4638 1975 4696 ita

1147 4706 1279 4776 obligatus
1295 4709 1345 4774 sit,
1364 4709 1397 4763 ad
1414 4710 1579 4783 adigendum
1596 4718 1755 4784 vassallum,
1775 4735 1827 4788 quo
1845 4735 1878 4772 ex
1892 4719 1979 4778 seoda

1149 4789 1278 4842 creditori
1296 4793 1368 4846 satis
1392 4789 1449 4848 liat.
1478 4793 1513 4851 Et
1537 4796 1600 4852 huie
1625 4801 1777 4856 sententiae
1801 4801 1873 4857 laset
1891 4803 1978 4863 hadr..

1150 4870 1277 4927 Koioheu
1296 4873 1595 4950 &ressurectione
1614 4895 1639 4935 s·
1659 4901 1723 4952 esp.
1740 4896 1767 4938 t.
1780 4901 1807 4935 ιι.
1824 4895 1885 4939 ιιι.
1900 4903 1974 4960 seqq.

1150 4954 1235 5009 oitans
1253 4975 1303 5028 pro
1320 4959 1412 5014 eadem
1438 4961 1568 5032 opinione
1594 4967 1751 5022 Roseathal.
1770 4965 1889 5036 elfelm.
1912 4989 1974 5043 capa

1150 5050 1174 5094 a.
1189 5043 1313 5096 ,ιοιιιιιι
1333 5055 1373 5096 ιι.
1392 5062 1421 5098 ιι.
1442 5055 1466 5100 ι.
1482 5062 1539 5120 req.
1558 5049 1659 5119 Voltej.
1677 5053 1801 5124 defiat.
1814 5060 1862 5115 tto.
1877 5072 1901 5115 ι.
1913 5075 1977 5131 eap.

1147 5135 1194 5178 to.
1211 5144 1238 5182 ιι.
1259 5139 1302 5182 ιι.
1319 5142 1387 5183 sera.
1406 5147 1455 5184 eu.
1473 5129 1553 5186 idem.
1574 5136 1673 5189 Verum
1694 5141 1773 5193 nobis
1791 5145 1975 5199 nihilominus
2013 5159 2047 5207 n

1149 5203 1183 5259 ah
1208 5205 1405 5268 allirmantiom
1429 5215 1526 5268 eastris
1544 5225 1617 5272 stare
1634 5219 1782 5290 aduhesoit,
1802 5229 1863 5281 scil.
1880 5226 1974 5280 dehita

1151 5289 1214 5348 utta
1233 5292 1262 5350 iu
1280 5311 1341 5348 nasu
1359 5297 1449 5368 aperti
1466 5295 1541 5352 iaedi
1557 5302 1669 5356 omnino
1686 5323 1702 5358 a
1720 5305 1902 5362 domtaoeue
1917 5310 1973 5361 sol·

1149 5375 1238 5430 aenda.
1259 5379 1387 5434 llationes
1404 5382 1484 5452 hujus
1504 5386 1597 5438 asserti
1611 5388 1767 5459 perspicuae
1783 5391 1892 5461 quidem
1908 5399 1975 5446 sunt
2014 5389 2045 5432 ⁴²

1147 5476 1181 5514 ea
1199 5461 1293 5516 indole
1310 5479 1454 5521 eonsenstu
1471 5467 1639 5540 interpositi,
1654 5474 1832 5529 consentiens
1849 5477 1923 5529 enirn
1945 5493 1975 5527 a·
2009 5519 2012 5526 .

1147 5547 1219 5609 ctui,
1238 5548 1292 5616 iuri
1309 5565 1371 5616 suo,
1388 5551 1460 5622 quod
1476 5553 1577 5624 alioqui
1595 5553 1725 5626 hahebat,
1743 5559 1916 5613 renuntiasse
1929 5559 1972 5614 ri-

1146 5632 1238 5704 detur,
1258 5635 1398 5695 ttartnao.
1417 5638 1515 5696 Pistor.
1529 5655 1561 5711 p.
1584 5649 1610 5692 a.
1633 5657 1680 5712 qa.
1699 5654 1742 5697 sa.
1759 5659 1788 5697 ιι.
1812 5654 1851 5698 ιι.
1870 5639 1925 5698 sed
1949 5641 1974 5700 ai
