4338 6240
219 209 268 261 5οι
639 197 688 252 ΒΕ
704 197 848 254 ttttttttl
869 200 994 258 ttows
1014 199 1160 253 ttttotttttt
1180 197 1370 254 PRINCIPIS.
1752 193 1805 252 50²

162 303 191 357 ds
212 301 302 374 potius
319 296 454 369 quaestio,
475 294 497 350 si
518 293 645 365 princeps
672 295 853 348 nihilominus
875 313 982 350 conces·
1030 298 1063 348 ab
1083 316 1130 362 eo,
1150 297 1219 366 qunal
1239 297 1487 364 legislncalisest‚
1506 292 1582 346 licite
1601 291 1850 356 exinaniuntur,

163 404 239 441 surus
259 387 370 447 luisset,
387 383 492 438 etismsi
513 381 582 432 nulla
601 380 687 446 passis
705 381 861 429 secessisset
890 393 980 446 postu.
1030 380 1074 446 qui
1095 384 1136 446 qu,
1153 379 1267 431 conde„
1286 380 1388 448 pomp·
1409 378 1551 432 mundum
1572 381 1639 430 Mu·
1656 397 1683 447 p·
1706 390 1729 431 ,ι
1742 377 1796 430 dm·
1811 390 1856 429 ἢ.

162 472 234 525 tatto.
257 469 332 522 Beld.
350 465 378 519 in
389 485 411 520 c.
426 463 481 519 nisi
496 458 638 530 spectabili
647 459 679 512 de
693 455 771 529 offic.
797 459 888 528 iegati.
909 480 935 513 ιι.
958 471 980 512 t.
1032 481 1058 514 ιι.
1083 474 1123 513 tt.
1141 479 1203 530 ergo
1222 465 1292 514 circs
1311 465 1383 529 leges
1402 465 1460 516 illas
1478 463 1572 514 loceles
1592 469 1664 514 insitu
1685 462 1794 531 proprio
1814 458 1857 510 ‹Ii-

162 555 261 610 Dscius
278 568 354 608 cons.
374 559 417 600 st,
431 565 457 597 ιι.
470 559 492 597 ι.
505 554 531 598 et
543 559 610 595 coar
635 552 693 594 set.
707 559 733 592 n.
758 548 781 594 t.
804 543 928 593 Menoeis.
949 543 982 594 de
1032 561 1143 614 sponere
1161 545 1235 597 licite
1254 547 1362 613 poterit.
1383 546 1455 598 lalean
1470 545 1584 615 denique
1598 545 1738 598 «licendum
1753 549 1804 598 erlt
1819 545 1853 599 de
1891 560 1923 603 ss

165 642 222 696 eri.
229 638 285 708 p‘nd
305 644 408 706 praeest.
421 631 466 683 iil.
481 641 504 680 ι.
519 638 588 681 cent.
605 640 628 680 ι.
640 641 694 680 cus.
706 635 765 677 tot.
774 641 804 676 n.
813 634 854 676 ts.
869 623 985 676 Bnrbosa
1033 647 1200 699 quocumque
1218 629 1338 699 priuato,
1348 631 1418 700 quod
1430 632 1454 684 ei
1468 649 1531 684 usus
1543 631 1672 684 clausulae
1685 640 1789 684 nostrae
1803 649 1856 686 eon

163 725 190 780 in
211 733 245 774 tr.
264 719 296 772 ais
314 717 397 770 aleas.
417 709 604 782 ussssrequent.
623 711 710 763 ciues.
729 721 771 760 ιι.
790 725 816 760 ιι.
838 720 861 760 t.
880 717 899 760 t.
919 711 985 762 san·
1033 714 1069 765 sis
1086 713 1272 778 denegandus,
1292 715 1320 765 iu
1340 717 1418 766 relisis
1439 714 1493 784 ipsi
1512 715 1656 778 subiectis,
1676 731 1733 785 urg.
1760 715 1778 769 l,
1793 714 1853 784 jin,

166 805 289 862 ‘ima‘
309 799 429 856 mmm·
448 798 493 850 Μ·
515 809 539 850 ⁸·
564 796 635 864 ‘Ilii-
668 805 689 847 ¹·
715 813 743 848 Β·
763 791 985 846 ⁶·0IF'2'1111‘I0·
1025 796 1068 867 ff
1086 800 1119 852 de
1135 797 1234 868 p'arisd.
1253 816 1312 851 essru
1330 797 1443 866 quilibet
1464 801 1503 850 rei
1522 815 1582 852 ense
1601 800 1636 852 sit
1662 798 1856 856 moderatores

166 891 236 960 berg.
254 889 288 942 de
301 883 421 952 rescript.
442 890 541 934 moret.
558 878 647 932 conci.
670 889 711 930 ιι.
730 896 759 929 ιι.
778 889 820 927 st.
838 875 884 943 qui
897 877 987 945 plures
1035 881 1142 934 nabiter.
1161 884 1179 934 l.
1197 881 1227 934 iu
1246 899 1276 934 re
1294 883 1434 935 mundato.
1455 893 1497 935 ιι.
1515 899 1539 934 c.
1560 883 1654 936 Musei.
1670 883 1721 936 Sed
1735 901 1793 937 eam
1810 901 1859 937 nn·

165 984 287 1028 suctores
306 988 355 1041 pro
374 969 426 1018 tue
444 964 592 1017 assertione
610 964 714 1032 allegat.
729 961 828 1014 Volunt
847 969 933 1012 taruen
954 960 986 1013 li·
1037 965 1079 1018 bis
1100 966 1144 1016 laic
1162 976 1260 1020 tantum
1280 965 1314 1019 de
1332 967 1456 1037 principe
1473 983 1561 1018 sermo
1573 967 1618 1027 sit,
1631 968 1790 1036 qualemque
1802 968 1858 1021 sim

79 1061 83 1082 t
165 1057 312 1114 mitandans
331 1071 389 1107 esse
408 1053 476 1102 bunc
494 1049 670 1110 seutentiam,
689 1058 714 1099 et
732 1045 875 1098 clausulam
904 1057 989 1099 motuis
1038 1060 1061 1102 et
1077 1045 1223 1102 ellicocism
1243 1051 1299 1114 eius
1321 1061 1407 1102 motus
1424 1051 1545 1121 proprius
1578 1061 1726 1112 mesenus,
1759 1064 1860 1108 cappe„

166 1141 271 1216 proprii
293 1139 363 1191 attut
383 1135 504 1207 operari,
525 1133 629 1204 quando
647 1133 675 1184 in
697 1131 788 1182 cadesa
811 1130 990 1200 dispensatio·
1040 1141 1172 1201 tamquam
1191 1132 1224 1186 ab
1243 1133 1368 1186 instituto
1387 1143 1477 1185 nostro
1495 1134 1581 1184 aliens
1601 1133 1682 1186 missa
1701 1133 1822 1187 iacimus.
1847 1163 1850 1172 .

170 1247 202 1283 ne
222 1237 249 1280 et
269 1225 400 1293 scripture
421 1222 546 1291 princeps
566 1220 623 1287 ipse
648 1218 760 1280 asserit,
787 1233 815 1270 se
840 1214 936 1268 iecisse
963 1213 990 1265 id
1077 1217 1133 1268 lloc
1150 1216 1235 1270 adluao
1255 1216 1413 1280 nolendum,
1431 1215 1504 1285 quod
1521 1215 1605 1268 motui
1629 1219 1743 1288 proprio
1767 1219 1858 1288 sequi·
1897 1217 1926 1260 ll

166 1314 198 1366 aad
219 1309 378 1363 instantiam
398 1306 484 1376 partis
521 1303 581 1356 licet
598 1302 668 1354 «licta
693 1302 806 1353 clausula
832 1317 934 1369 qnoque
953 1299 991 1350 sit
1040 1311 1149 1370 peretur
1167 1301 1280 1354 meirade
1300 1299 1432 1370 principis
1449 1300 1533 1368 jussio
1552 1302 1608 1352 siue
1624 1299 1760 1354 cosroessio
1778 1303 1859 1356 itere.

168 1397 293 1464 subiecto.
312 1385 990 1458 Muscard.deprobot.onl.t.concl.tcsc·n.22.
1041 1392 1080 1444 ts,
1099 1392 1126 1435 et
1143 1383 1177 1434 ob
1197 1383 1258 1436 baeu
1277 1385 1350 1436 idem
1370 1384 1562 1452 solere,quod
1595 1393 1667 1436 motu
1694 1386 1803 1455 proprio
1825 1387 1860 1440 ie·

206 1479 333 1530 Diximus
358 1475 438 1528 etism
465 1483 563 1526 rnotssm
589 1471 726 1539 proprium
751 1485 808 1522 esse
832 1467 988 1521 rclssntetem
1037 1478 1109 1520 etum
1118 1505 1127 1533 ,
1146 1469 1286 1521 secisndam
1302 1469 1446 1535 jussionem
1461 1467 1698 1521 siaeiterstioncm
1713 1470 1860 1539 privilegii.

168 1562 312 1640 principis,
326 1556 521 1631 significantes,
535 1570 638 1607 seusam
651 1551 813 1607 efficientem
830 1562 914 1604 motus
927 1567 989 1620 pro·
1040 1549 1113 1602 Ball.
1131 1551 1159 1604 in
1176 1551 1195 1604 ι,
1215 1569 1265 1604 m
1281 1551 1416 1605 damam
1435 1569 1459 1605 ο,
1477 1552 1510 1605 de
1527 1568 1599 1618 ΡΜ,
1614 1553 1677 1617 ΜΡ.
1691 1551 1772 1620 offer¹
1785 1555 1860 1608 GRH·

169 1649 222 1720 prii
241 1663 299 1702 esse
318 1647 405 1716 ipsum
426 1641 588 1711 principem.
605 1637 657 1691 Ubi
672 1655 721 1708 pro
735 1635 838 1689 meliori
855 1635 989 1688 intellectu
1037 1635 1084 1687 iil.
1107 1646 1127 1686 t.
1149 1633 1208 1686 cis.
1228 1647 1270 1687 ts.
1289 1648 1353 1688 n.s
1383 1635 1435 1686 slat.
1455 1637 1541 1688 Νῑωι,
1566 1636 1709 1688 Eva-imp·
1734 1636 1762 1691 pn
1790 1638 1859 1692 ὀύ,

166 1735 247 1788 telem
267 1731 385 1785 insinere
404 1728 488 1798 plecet
507 1724 640 1794 regulam:
660 1721 730 1792 quod
748 1719 861 1790 quilibet
874 1719 918 1789 qui
935 1717 988 1787 pri·
1038 1718 1095 1771 sais
1110 1719 1242 1788 legalibus
1258 1720 1320 1772 loco
1339 1740 1357 1772 a
1375 1719 1408 1770 vi
1414 1719 1618 1790 geminationis.
1632 1720 1700 1789 Quis
1712 1721 1858 1788 geminatio
1899 1733 1929 1777 ss

166 1819 261 1888 vilegis
278 1815 422 1870 concedere
440 1813 523 1877 utet,
538 1810 577 1863 oti
591 1810 674 1880 possit
687 1805 761 1858 licite
776 1805 891 1858 clausule
904 1813 990 1856 motus
1038 1801 1094 1854 siae
1112 1802 1218 1856 iteratio
1236 1814 1307 1855 actm
1327 1803 1494 1872 disponentis
1512 1804 1618 1854 enisam
1631 1804 1750 1856 ostendis
1768 1805 1860 1856 solun.

168 1901 282 1976 proprii.
302 1897 446 1966 I’risilegia
465 1905 554 1948 autem
579 1892 721 1946 concedere
744 1891 801 1956 eius
818 1901 871 1952 est,
889 1888 935 1957 qui
955 1888 991 1939 le-
1040 1895 1133 1948 tutem,
1151 1885 1383 1955 diversitstemque
1401 1887 1470 1953 juris
1487 1885 1591 1938 inducit
1609 1885 1643 1938 ab
1656 1898 1711 1940 estu
1725 1887 1857 1957 simplici.

168 2003 226 2056 gem
246 1984 362 2036 condere
380 1990 476 2052 potest.
494 1977 546 2030 aial.
567 1976 695 2030 Enenkel.
715 1973 784 2026 Baro
809 1971 843 2026 de
864 1971 952 2041 privil.
971 1971 988 2022 l.
1038 1968 1056 2020 l.
1075 1969 1232 2039 quingenta,
1255 1966 1346 2037 12.sp
1366 1971 1399 2022 de
1413 1971 1522 2036 propat,
1542 1969 1861 2041 qugenmqqepquq,
1898 1980 1929 2024 4,

174 2083 195 2123 t.
212 2089 235 2125 c.
257 2081 283 2123 t.
303 2087 329 2121 ιι.
352 2079 375 2117 ι.
394 2062 484 2132 etqui
505 2058 649 2128 lepesin,
672 2058 708 2110 iis
726 2074 829 2127 queque
847 2058 921 2110 llcite
935 2054 990 2106 sol·
1040 2051 1100 2102 dero
1119 2071 1208 2106 aerum
1228 2064 1282 2117 est,
1301 2053 1490 2107 limitationem
1511 2063 1598 2106 tarsen
1618 2055 1717 2124 patitur
1736 2057 1764 2108 in
1776 2056 1859 2111 bene·

171 2159 223 2222 sit,
242 2173 292 2227 per
310 2155 328 2206 t.
337 2150 397 2223 fin.
415 2167 437 2203 c.
457 2147 491 2202 de
508 2147 538 2201 li.
556 2158 580 2199 et
598 2147 617 2196 i.
638 2157 661 2196 t·
671 2140 712 2211 ff.
729 2143 763 2196 de
781 2161 810 2197 re
825 2141 909 2210 judic.
943 2139 990 2192 Est
1038 2131 1186 2199 ficislibus‚
1205 2136 1233 2188 in
1252 2139 1349 2206 quihus
1367 2138 1513 2205 geminatio
1533 2155 1584 2192 uon
1598 2135 1715 2204 scilicit,
1728 2139 1773 2192 sed
1787 2140 1858 2192 clau·

168 2244 240 2298 easirn
258 2237 432 2311 privilegium
452 2235 493 2284 les
512 2229 638 2300 quaedam
658 2228 757 2298 priaate
776 2226 832 2280 sire
845 2228 886 2295 jus
900 2227 989 2294 sisagu-
1038 2221 1094 2274 suls
1114 2231 1199 2274 motus
1218 2223 1321 2293 proprii
1341 2222 1370 2275 iu
1391 2223 1425 2276 iis
1451 2222 1530 2278 debet
1561 2223 1660 2294 scripta
1691 2241 1750 2278 esse
1779 2243 1860 2281 mnu

169 2329 239 2390 Imr
258 2326 276 2377 I·
300 2310 798 2390 ¹⁶·ff·⁴1‘²¹'·¹¹¹I¹¹¹⁰Il¹¹⁸“illinb
823 2327 854 2364 0⁰
880 2308 990 2364 wsscetli
1039 2305 1224 2368 concedentis,
1243 2305 1323 2356 sicuti
1336 2317 1411 2376 putot
1427 2305 1522 2358 dntou.
1535 2306 1658 2359 Gabriel.
1672 2307 1699 2360 ιἰι
1713 2318 1792 2362 tract.
1806 2328 1861 2378 reg.

169 2421 265 2485 potest,
284 2405 330 2476 qni
351 2406 433 2471 legero
455 2399 630 2454 universalem
649 2394 762 2448 condere
780 2403 807 2448 et
825 2394 857 2446 ab
876 2413 905 2448 eu
919 2411 989 2446 rece·
1037 2389 1083 2442 tis.
1104 2403 1127 2442 s.
1146 2390 1186 2442 tit.
1205 2389 1238 2442 ‹ie
1257 2389 1342 2442 clasis.
1360 2391 1446 2444 conci.
1467 2402 1492 2442 t.
1511 2409 1538 2445 ιι.
1561 2403 1621 2446 tto.
1640 2393 1702 2446 licet
1721 2411 1784 2463 ergo
1803 2395 1860 2446 exi-

169 2496 231 2548 slere
249 2499 346 2563 potest.
366 2489 440 2542 zoes.
461 2485 498 2537 ad
504 2479 546 2552 ff
563 2482 605 2533 tit.
624 2480 658 2533 de
669 2489 758 2532 coast.
770 2476 864 2544 princi
880 2495 931 2530 .ιι.
949 2488 990 2528 ιι.
1039 2471 1162 2535 etloum,
1186 2467 1313 2524 sufficere
1338 2473 1422 2524 solam
1451 2472 1587 2543 principis
1617 2475 1861 2545 subscriptionem,

169 2577 255 2632 licite
273 2591 337 2642 ergo
356 2571 473 2626 clausula
492 2577 583 2620 nostre
602 2563 680 2618 utitor
694 2563 805 2632 imperii
819 2561 899 2614 nostri
915 2571 990 2631 ceput
1039 2554 1116 2607 modo
1134 2555 1162 2606 iu
1183 2555 1241 2626 ipso
1260 2554 1392 2626 rescripto
1411 2555 1543 2608 clausulae
1564 2555 1630 2609 lecta
1651 2558 1733 2612 luerit
1752 2563 1860 2614 aaesuio,

169 2677 303 2716 crimmum
323 2659 484 2726 imperators
504 2647 658 2721 utpotequi
678 2644 770 2697 mosidi
796 2643 922 2697 dominus
947 2660 989 2695 ιιι-
1039 2636 1180 2691 Necessum
1198 2647 1374 2708 quoqueest‚
1395 2647 1424 2689 ut
1442 2639 1471 2691 in
1491 2639 1605 2692 secumla
1624 2643 1793 2697 concessione
1811 2662 1858 2697 ex·
1897 2649 1929 2692 ⁵⁰

169 2757 243 2799 cetur
261 2745 289 2796 in
309 2744 328 2794 i.
348 2737 511 2812 deprecatio.
529 2730 604 2801 &st
625 2730 664 2785 ad
687 2731 705 2782 i·
735 2727 824 2782 tttaoat.
851 2728 883 2780 de
902 2727 990 2796 jectis.
1039 2741 1126 2792 presse
1146 2723 1247 2775 mentio
1264 2719 1311 2774 tias
1329 2722 1448 2792 prioris,
1468 2741 1529 2776 nam
1549 2725 1571 2776 si
1592 2726 1655 2776 lseec
1675 2728 1702 2780 iu
1717 2730 1859 2798 prosperiori

168 2828 206 2880 Eo
223 2842 284 2880 aero
297 2825 404 2876 absente
415 2831 437 2873 et
453 2817 585 2888 impedito
597 2830 645 2866 rex
658 2809 915 2879 romanorumqquia
928 2820 990 2863 tune
1038 2805 1207 2859 concessione
1225 2803 1308 2858 luerit
1325 2805 1439 2871 omissa,
1472 2807 1533 2859 talis
1564 2809 1709 2876 geminatio
1741 2825 1860 2870 ustitiam

169 2912 315 2982 imperium
336 2907 421 2974 regit,
440 2913 464 2957 et
486 2905 542 2969 iure
574 2896 749 2968 imperatoria
783 2905 900 2959 exercet,
930 2895 990 2946 ord.
1040 2899 1126 2942 motm
1146 2887 1248 2960 proprii
1268 2906 1323 2941 non
1340 2889 1444 2942 induet.
1470 2892 1569 2946 Aulon.
1599 2893 1720 2950 Gabriel.
1749 2897 1777 2950 d,
1796 2900 1813 2952 ι,
1834 2919 1861 2954 n,

166 3015 239 3051 cam.
256 3013 284 3065 p.
308 3004 330 3044 t.
348 2992 388 3043 tit.
410 2999 431 3042 t.
450 2989 473 3054 §.
493 2981 615 3038 Nemlicli
633 2982 731 3036 wellen
751 2978 796 3032 die
814 2982 894 3032 iiim.
910 2979 987 3044 Kay·
1042 2985 1102 3027 ιιι.
1118 2972 1250 3026 lilascerd.
1267 2975 1301 3028 de
1318 2973 1427 3044 protae.
1446 2974 1497 3028 ccl.
1520 2986 1545 3030 t.
1561 2979 1647 3032 coaot.
1681 2992 1760 3036 tusc.
1785 3001 1814 3035 ιι.
1835 2998 1859 3038 s.

166 3081 281 3136 serliclse
300 3071 510 3146 trajectaerata
528 3071 624 3123 tinam.
645 3067 761 3134 Kayser.
786 3063 854 3116 oder
869 3062 907 3114 im
925 3060 993 3113 Feli
1039 3069 1065 3110 et
1096 3071 1120 3112 t.

166 3167 231 3220 cluss
248 3164 307 3216 ilsre
324 3159 425 3214 Liebale
442 3154 502 3208 and
520 3150 645 3221 Kayserl.
675 3146 823 3216 Mup'estuet
848 3143 924 3198 niclet
951 3141 989 3193 im
1074 3143 1216 3200 Coronidis
1235 3148 1305 3208 luco,
1325 3157 1465 3217 antequam
1485 3148 1518 3201 sd
1537 3150 1664 3204 ulleriora
1683 3153 1856 3222 progredior,
1896 3175 1925 3219 Η

167 3253 270 3308 Beiclse
287 3245 355 3300 oder
371 3245 400 3297 in
420 3241 470 3294 der
487 3241 679 3298 Nabeworen,
698 3231 748 3286 wir
759 3232 802 3284 cis
812 3228 993 3287 iloemisclser
1040 3230 1084 3282 bic
1096 3231 1249 3284 subnectere
1263 3235 1360 3300 placet,
1372 3234 1518 3285 clausulam
1535 3242 1665 3294 nostran,
1677 3237 1859 3305 aquibusslena

168 3333 278 3406 Koenig
291 3328 418 3400 jederceit
436 3335 485 3379 etc.
506 3323 646 3374 limnaeus
664 3319 697 3372 ate
710 3315 847 3387 p‘urpuil.
871 3313 890 3365 l.
915 3323 941 3364 t·
967 3331 990 3364 c.
1039 3314 1110 3367 aetus
1129 3313 1277 3384 inprobam
1298 3314 1436 3379 demorari,
1455 3316 1536 3382 adeo,
1557 3327 1587 3371 ot
1607 3318 1705 3372 Baldus
1729 3338 1744 3372 e
1770 3320 1861 3377 Curiis

173 3433 213 3473 tt.
231 3436 258 3470 rs.
280 3427 320 3467 ιι.
341 3411 422 3464 Licite
440 3423 544 3478 quoque
561 3414 673 3456 utuntur
692 3399 805 3454 clausule
830 3404 922 3448 nostre
939 3395 990 3446 ele·
1040 3397 1191 3468 principum
1210 3397 1329 3451 eamdem
1354 3398 1522 3466 relegandam
1554 3415 1614 3453 esse
1641 3403 1764 3455 senserit.
1797 3403 1860 3458 Vid.

168 3517 328 3560 aurescens
347 3493 459 3564 reliquis
479 3488 585 3559 Imperii
607 3485 691 3539 nostri
711 3480 899 3552 principibus;
928 3494 992 3544 pos·
1040 3481 1143 3534 Calain.
1160 3481 1280 3549 lecrq'ar.
1299 3499 1356 3536 roc.
1377 3492 1474 3534 ιιιοιιιι.
1495 3485 1596 3535 Verum
1614 3484 1689 3537 enirn
1715 3503 1776 3538 reso
1801 3503 1862 3542 earu
1900 3501 1931 3546 ss

168 3597 232 3644 suat
249 3585 322 3639 euius
341 3580 383 3634 illi
404 3585 505 3632 tentum
525 3575 553 3626 in
573 3589 620 3624 suo
634 3566 786 3627 territorio,
797 3570 928 3632 quantum
941 3559 990 3609 im·
1041 3563 1167 3632 princeps
1184 3579 1289 3632 semper
1307 3580 1340 3615 es
1354 3569 1420 3630 justa
1432 3582 1508 3618 ceuse
1521 3579 1660 3620 censeatur
1676 3571 1786 3622 moseri.
1800 3573 1859 3623 Mu·

168 3682 276 3743 perator
294 3669 321 3719 in
341 3662 474 3734 imperio,
489 3658 628 3713 Schrader.
645 3649 769 3722 desead.
785 3661 809 3702 t.
826 3667 853 3716 p.
868 3657 892 3698 ι.
903 3644 992 3716 pertis
1041 3655 1124 3698 ronta.
1143 3644 1171 3698 in
1191 3647 1281 3711 specul
1298 3645 1323 3700 d.
1347 3658 1368 3699 t.
1387 3665 1415 3698 n.
1438 3659 1481 3700 tt.
1503 3649 1614 3701 lloraan.
1626 3667 1702 3728 cons.
1719 3660 1780 3705 sss.
1794 3671 1820 3706 a,
1837 3666 1860 3706 t.

166 3751 335 3826 principalis.
353 3758 416 3802 sect.
433 3760 479 3799 so.
499 3763 525 3797 ιι.
547 3754 589 3795 ts.
607 3739 680 3792 Guil.
700 3737 773 3804 dep.
791 3751 817 3802 p.
835 3733 853 3782 t.
877 3741 897 3784 t.
916 3748 940 3785 c.
967 3742 991 3783 t.
1040 3735 1067 3780 el
1086 3729 1217 3798 principis
1235 3731 1353 3782 voluutas
1378 3729 1438 3782 tulis
1466 3745 1523 3784 esse
1553 3744 1753 3800 praesumetur,
1774 3739 1859 3805 qualis

170 3857 198 3894 ιι.
222 3849 262 3892 ιο.
280 3835 357 3888 Cotti.
378 3828 513 3898 lleiulsing
541 3828 575 3880 cle
593 3824 685 3892 regina.
705 3818 786 3873 recisi.
805 3826 831 3871 et
848 3815 911 3870 eccl.
927 3813 946 3864 l.
969 3825 991 3866 t.
1039 3809 1073 3864 de
1090 3815 1150 3880 jure
1162 3829 1219 3866 esse
1232 3813 1327 3877 debet,
1341 3813 1462 3865 Menoch.
1476 3813 1509 3868 de
1520 3827 1688 3884 praesumpt.
1699 3817 1718 3868 1.
1731 3829 1756 3868 e.
1769 3836 1861 3886 praep,

169 3925 205 3976 cl.
225 3934 289 3974 s.c.
311 3931 334 3972 c.
353 3913 514 3969 Civitatibus
539 3908 648 3979 imperii
679 3903 775 3957 liberis
808 3899 859 3951 cleu
880 3894 990 3969 freyen
1041 3911 1082 3950 to.
1102 3915 1129 3950 n.
1150 3908 1175 3949 ι.
1193 3915 1245 3950 nou
1266 3910 1328 3967 poto
1347 3898 1396 3952 hoc
1414 3898 1451 3950 ita
1477 3901 1636 3968 generaliter
1660 3903 1688 3955 in
1713 3905 1856 3958 clausulam
1913 3948 1917 3956 ,

170 4001 410 4060 Reicies-Staerltea
450 3997 585 4062 comior·
616 3986 788 4044 territorialia
814 3983 857 4037 die
881 3979 993 4034 Lanam
1041 3992 1155 4036 nostram
1174 3981 1337 4035 statuentium
1356 3999 1428 4046 ωε,
1447 4001 1494 4052 pp„
1512 4001 1539 4037 ,ε
1558 3985 1631 4039 „nqm
1656 3987 1726 4039 nihil
1755 3988 1856 4058 inqqui·
1899 4015 1929 4058 η

173 4088 313 4157 Obripkeit
331 4087 388 4138 sire
405 4082 449 4134 slis
467 4081 537 4134 dolie
558 4074 697 4142 Obrigkeit
715 4070 797 4136 (licet
815 4083 867 4120 non
882 4065 991 4117 habeant
1041 4066 1103 4118 tetis
1121 4063 1209 4119 cidere
1227 4064 1331 4130 subest,
1351 4063 1494 4118 dummodo
1514 4069 1595 4120 tertio
1608 4085 1655 4138 par
1666 4071 1732 4122 laone
1743 4090 1796 4124 110„
1811 4070 1858 4128 (ῃ,

168 4173 213 4228 die
229 4169 340 4225 landes
358 4165 511 4219 Furstliclre
529 4157 676 4230 otrtqtetr.
692 4154 743 4208 atat.
758 4155 868 4220 seyger.
882 4149 909 4201 in
925 4149 990 4201 sites.
1041 4149 1250 4222 praeiudicium,
1270 4160 1358 4220 utpote
1375 4152 1445 4219 qoud
1466 4151 1495 4204 iu
1506 4153 1632 4207 ominibus
1645 4155 1800 4226 principum
1818 4159 1864 4212 be.
1902 4169 1935 4214 ῃ

167 4259 223 4328 p‘ur.
240 4257 291 4310 rei
302 4250 483 4308 vcceeioitus
496 4248 525 4301 in
538 4245 622 4302 addit.
636 4263 664 4296 ιι.
678 4240 722 4310 ι.)
733 4249 793 4310 post
805 4236 870 4289 ulios
890 4232 992 4284 ibidem
1041 4230 1147 4287 nel'tciis
1164 4242 1302 4302 exceptum
1323 4245 1458 4302 censetur,
1477 4235 1497 4286 I.
1517 4247 1539 4286 t·
1550 4234 1592 4305 ff.
1607 4233 1737 4293 alecaass.
1749 4241 1856 4311 princip

174 4347 300 4414 allegatos
317 4339 443 4395 concedat
460 4336 533 4390 Gsil.
546 4334 567 4387 l.
590 4343 613 4383 ι.
633 4330 692 4384 obs.
715 4338 755 4378 ιι.
775 4343 801 4376 ιι.
822 4333 847 4374 ι.
865 4319 940 4373 etde
963 4335 993 4386 p.
1041 4319 1060 4370 l.
1081 4320 1145 4385 ις
1168 4312 1257 4383 tcff.
1276 4317 1397 4385 nequid
1422 4317 1452 4372 ιἰι
1476 4319 1527 4374 loc·
1550 4321 1628 4387 puell.
1647 4323 1777 4378 aelicta.
1791 4321 1864 4392 fios.

173 4447 203 4498 p.
222 4429 241 4482 i.
264 4441 285 4482 t.
305 4443 326 4480 c.
348 4437 370 4476 e.
389 4423 416 4476 ιι.
439 4431 479 4474 tt.
498 4429 525 4470 et
542 4415 645 4486 optime
665 4429 694 4464 ac
712 4425 745 4462 ex
765 4403 886 4477 professo
906 4399 993 4470 Kuip·
1041 4403 1059 4454 i.
1074 4416 1202 4456 aecanos
1216 4410 1241 4452 t.
1255 4399 1439 4455 c.deemenc.
1454 4400 1500 4456 liin
1513 4403 1590 4472 Quod
1609 4415 1637 4458 et
1655 4407 1753 4460 elector
1774 4421 1865 4462 noster
1905 4417 1936 4462 tt

172 4510 270 4567 sebild.
287 4519 366 4564 eruet.
383 4509 417 4562 de
430 4505 486 4575 p'ur.
498 4521 532 4559 ae
541 4496 715 4571 privil-civit.
728 4494 822 4560 imper.
833 4503 910 4543 usuro
923 4486 994 4536 clau·
1041 4485 1227 4539 serenissimus
1242 4483 1270 4536 iu
1283 4501 1379 4538 recers.
1389 4487 1514 4556 provinc.
1527 4488 1629 4540 mareis.
1643 4489 1676 4541 de
1690 4507 1768 4543 anno
1788 4504 1866 4547 ssss.

172 4597 248 4650 salse
265 4603 370 4647 nostrae
388 4584 572 4655 denegandum
590 4597 647 4636 esse
668 4595 723 4634 stou
747 4583 819 4646 puto.
849 4568 902 4622 Sed
927 4565 993 4636 quid
1042 4569 1444 4631 §.darsHandelsleutennder
1459 4569 1710 4638 Hondmerckeru,
1730 4577 1869 4646 expressis

173 4681 208 4733 te
225 4675 378 4733 ciaitathus
395 4669 585 4732 inferioribus,
603 4682 676 4738 quas.
687 4657 863 4729 municipales
884 4661 995 4716 sonant,
1044 4661 1070 4703 et
1086 4649 1195 4704 disertis
1224 4650 1312 4704 serbis
1345 4651 1516 4722 approbarit,
1547 4652 1601 4706 ilii:
1636 4655 1743 4712 Jedccls
1772 4659 1873 4715 nolle„

175 4759 341 4818 dicendum?
359 4759 393 4812 tn
411 4773 481 4825 resp.
500 4771 548 4808 nec
567 4752 623 4805 illis
642 4743 784 4820 prohiberi
809 4757 907 4812 posse,
931 4755 997 4807 quo·
1045 4733 1299 4803 wirdieprisilepis
1317 4737 1501 4805 sudergestalt
1518 4735 1592 4790 niclst
1610 4743 1797 4809 coneedireu,
1825 4745 1869 4800 als

174 4845 266 4898 suiuus
286 4853 359 4895 motu
377 4831 998 4911 proprioaliquidslispouaut.lloctarueune·
1047 4816 1096 4868 mit
1116 4817 1167 4871 der
1186 4820 1304 4884 csutels,
1324 4836 1358 4872 ne
1377 4818 1482 4872 luedaut
1502 4821 1543 4888 jus
1568 4824 1662 4890 tertii,
1691 4829 1750 4880 unrl
1770 4828 1870 4898 ἅψῃ.

172 4929 289 4984 cessario
308 4925 469 4980 annuendum
490 4921 557 4984 erit,
579 4911 826 4990 prsesoppoueados
839 4923 897 4961 esse
909 4902 999 4958 terrui·
1048 4911 1135 4958 etmcn
1157 4899 1200 4953 ein
1222 4901 1391 4972 privilegium
1412 4902 1499 4958 supet
1517 4905 1663 4977 opumque
1675 4911 1809 4975 „palpem
1826 4915 1875 4972 w

172 5012 359 5074 noslasbilcs,
378 5025 439 5062 nem
458 5009 529 5060 circe
548 5019 613 5075 quas
631 5003 701 5068 leges
721 4999 781 5050 illae
801 4992 954 5062 dispensare
971 4994 999 5038 et
1050 5001 1079 5038 er
1095 4985 1196 5053 p'eslccls
1222 4985 1367 5040 secuudum
1392 4987 1601 5058 dispositionem
1629 4993 1698 5060 juris
1723 4999 1877 5054 communis

106 5133 138 5176 tt
178 5095 320 5168 pelsilcgia
338 5093 482 5147 concedere
500 5095 628 5160 pessunt,
646 5086 715 5138 clrcs
735 5083 794 5134 illas
811 5091 914 5148 quoque
928 5080 1002 5124 motu
1051 5068 1149 5122 keinen
1169 5071 1273 5124 andern
1310 5073 1463 5141 Verstcud,
1494 5073 1565 5130 elena
1598 5078 1669 5134 salso
1699 5079 1758 5148 jure
1790 5085 1874 5140 serni,

182 5178 297 5256 proprio
314 5175 459 5248 quidquem
477 5183 592 5229 statuere
610 5169 707 5226 iisdem
724 5165 764 5222 ias
782 5163 851 5230 esit·‚
868 5161 923 5229 jam
941 5171 1002 5210 aero
1055 5153 1129 5206 ttiuo
1147 5169 1191 5208 ms
1209 5152 1318 5226 accingo
1336 5153 1370 5208 ad
