4228 6240
215 191 263 245 sn
649 167 698 225 nn
715 169 803 226 not
824 169 1014 231 ιιιιιιιιι
1034 174 1071 230 ιιι
1090 177 1217 234 ctosts
1237 177 1341 238 ιιιιι..
1673 135 1677 146 ’
1727 181 1780 236 ιι.

165 274 265 341 tuear,
283 270 347 325 alies
364 269 387 323 si
407 267 475 322 mele
492 267 542 322 isos
562 269 712 324 consensui
731 268 861 330 uiderint,
880 288 963 340 neque
1015 269 1065 322 ties
1083 289 1115 326 ex
1135 271 1189 326 uita
1209 284 1337 329 anteacta
1357 273 1417 329 telis
1437 273 1539 328 indicia
1556 273 1655 340 fluunt,
1668 273 1713 328 sed
1726 274 1771 328 bis
1783 274 1830 330 de-

162 377 199 414 cos
214 367 343 428 suspectos
360 354 488 419 iecerint,
507 352 561 424 ipsi
583 361 756 417 tenebuntur,
774 355 815 408 nti
829 356 900 409 clare
912 359 960 411 de.
1015 347 1168 408 beientibus
1180 357 1256 422 eujus
1268 358 1345 428 cnlps
1361 357 1514 411 incendium
1527 369 1615 414 ortum
1629 355 1831 427 praesumetur?

162 442 267 513 positum
287 439 369 495 estin
388 441 406 492 l.
424 436 566 506 sipiares.
585 449 610 490 ι.
634 434 658 510 ᾗ.
688 438 799 494 caeteri·
827 450 851 493 t.
864 439 907 508 ff.
932 442 964 496 de
1014 433 1083 488 ΕΗ
1106 445 1162 499 ⁸·i·
1180 437 1248 506 hffi
1267 441 1300 492 de
1317 437 1394 512 offic.
1413 441 1547 511 praefeeti
1564 441 1636 514 uigil.
1655 444 1830 512 concludunt,

161 524 330 581 ιᾰιιιίιιίιινιι.
348 532 373 575 et
387 520 469 590 peria.
488 531 569 576 tutor·
1013 537 1092 578 omne
1103 519 1257 578 incendium
1270 524 1370 578 tamdiu
1381 529 1518 596 curiporum
1532 527 1768 597 praesumendum,
1783 531 1831 586 do.

192 613 218 664 lo
236 607 410 664 contactibus
423 605 530 676 quidem
544 605 629 660 serior
640 604 724 660 sitam
737 603 891 662 aunuum
903 627 965 664 cnm
1015 619 1064 657 neo
1075 608 1236 659 eontrarium
1251 606 1330 664 luerit
1341 609 1491 680 probatura:
1506 610 1559 664 nid·
1573 615 1695 684 Prosper.
1715 614 1831 671 Fsrinsc.

162 693 287 751 siderandi
307 691 410 746 acessiu
428 691 520 744 detur:
539 690 649 744 iuterim
670 699 757 744 tamen
782 709 836 744 noo
861 694 970 764 penitus
1017 689 1046 742 in
1063 708 1144 760 pram.
1162 689 1240 744 arian.
1259 710 1285 762 p.
1309 701 1365 744 ιιι.
1385 701 1475 748 mtt.
1493 693 1540 748 ubi
1558 693 1604 746 dd.
1628 697 1706 764 longo
1735 696 1836 756 ordina¹

160 780 230 832 nulla
248 777 296 831 Sic
314 775 410 830 etenim
429 773 612 829 circadarum
631 775 705 845 culpe
729 776 787 830 dsts
811 777 891 830 etism
911 795 968 832 sse·
1019 773 1096 841 huius
1113 773 1251 844 opinionis
1268 773 1407 843 producit,
1426 783 1453 832 el
1470 776 1499 828 iu
1517 793 1590 848 sepp-
1607 779 1727 832 nnmcris
1752 793 1833 836 mate·

162 865 261 934 pedae
278 859 439 914 attenditur.
460 859 530 912 Sene
549 859 576 912 in
591 859 759 914 commodato
771 860 803 912 sd
816 861 904 916 uitam
918 881 969 918 an·
1018 857 1087 909 riuru
1105 856 1138 910 de
1156 857 1280 911 incendio
1297 857 1480 929 prolixissime
1499 870 1597 916 tractat.
1616 862 1675 918 lion
1695 874 1782 920 umen
1802 866 1834 922 ia

160 957 267 1004 uaaaes
286 960 424 1000 recurrere
441 945 594 1008 nonlicet,
613 943 716 998 seilicet
740 942 764 994 si
794 946 970 1000 commodate·
1018 941 1105 1010 specie
1122 942 1197 1011 culpe
1215 939 1329 1012 petrici..
1340 953 1444 1008 ortum,
1464 943 1510 998 sed
1523 944 1551 998 in
1563 961 1659 1013 genere
1671 948 1747 1018 eulpa
1760 949 1837 1006 taus..

162 1033 211 1086 rius
226 1030 354 1100 excipere
372 1029 456 1092 uelit,
477 1045 504 1080 se
522 1027 645 1081 hactenns
662 1027 718 1082 suis
737 1027 816 1082 rebus
840 1031 966 1099 majorem
1019 1025 1178 1088 bituutium,
1196 1027 1215 1078 l.
1238 1022 1327 1091 tt.ff
1346 1026 1378 1078 de
1393 1027 1475 1092 peric.
1493 1037 1519 1080 et
1535 1031 1671 1086 commod.
1689 1031 1831 1088 seinana.

160 1113 321 1182 diligentiam
342 1111 468 1166 edbibere
486 1125 540 1164 non
558 1109 738 1176 concurrisse,
754 1128 804 1179 per
819 1119 840 1175 t.
861 1124 886 1166 t.
903 1112 967 1168 ιἰιιι.
1017 1108 1128 1164 ιιΙιΙιιιιι
1146 1109 1236 1162 flaba·
1253 1110 1291 1165 ad
1307 1119 1326 1160 t.
1340 1107 1377 1177 ffi
1397 1111 1430 1164 de
1447 1107 1525 1184 offic·
1541 1111 1673 1182 praefecti
1688 1115 1760 1188 uigil.
1779 1118 1836 1176 Ριι,
1886 1111 1916 1156 ⁸¹

157 1197 243 1264 quidus
260 1197 333 1248 med·
353 1211 384 1247 re
401 1193 526 1248 contrad·
544 1191 627 1262 oblig.
647 1191 745 1246 Contra
762 1211 822 1247 vero
834 1193 966 1265 deposita·
1020 1191 1175 1247 triiomiliss
1192 1211 1256 1264 ergo
1274 1195 1443 1265 probandum
1460 1196 1570 1261 erit,.se
1581 1197 1698 1254 debitam
1717 1199 1832 1272 diligen·

158 1283 205 1336 rius
222 1282 249 1334 in
267 1282 326 1336 sita
345 1289 474 1336 anteacta
492 1274 671 1332 sufficientem
683 1279 877 1334 exornationem
893 1281 966 1334 inre·
1017 1277 1080 1328 tium
1101 1275 1130 1329 in
1147 1278 1316 1332 admonenda
1333 1275 1435 1333 uniti·
1460 1277 1632 1344 adhibuisse,
1657 1279 1773 1352 alioquin
1799 1299 1834 1338 ex

157 1370 219 1434 ntus,
236 1367 259 1420 at
279 1365 415 1418 nimirum
438 1381 533 1434 perum
560 1364 703 1431 diligenter
724 1363 887 1417 custoditam
908 1383 966 1420 rem
1018 1360 1136 1418 ismiliue
1161 1361 1245 1428 iacto,
1264 1365 1421 1432 praesertim
1440 1363 1509 1418 circs
1526 1362 1647 1421 officinm
1659 1367 1776 1422 admisso
1795 1379 1834 1422 te

157 1455 217 1508 iustu
233 1450 373 1515 emiserit,
392 1449 455 1518 quia
476 1447 528 1517 qni
537 1446 689 1517 negligenti
708 1447 795 1501 emico
811 1465 867 1500 rem
881 1457 967 1502 ousta-
1015 1445 1133 1498 nubitur.
1147 1444 1238 1515 Curpz.
1249 1460 1290 1515 pr·
1302 1443 1376 1498 crim
1390 1465 1416 1518 q.
1432 1458 1473 1500 ts.
1488 1465 1516 1500 ιι.
1531 1460 1574 1501 ιι.
1587 1447 1659 1500 Guil.
1675 1449 1692 1504 l.
1709 1461 1732 1503 t.
1746 1470 1772 1504 o.
1788 1463 1832 1504 st.

156 1535 269 1590 dissidens
289 1531 391 1596 tradit,
412 1549 467 1586 non
487 1532 528 1595 ei,
547 1530 592 1582 sed
612 1548 673 1583 snae
693 1529 816 1584 facilitati
836 1531 864 1582 id
883 1531 958 1600 impu
1016 1549 1044 1584 ιι.
1059 1543 1083 1583 t.
1097 1529 1147 1598 (ln
1167 1531 1273 1582 electos.
1293 1531 1352 1584 Set.
1372 1542 1459 1584 tameo
1479 1541 1671 1602 statutum'per
1683 1533 1763 1588 decu.
1781 1555 1831 1592 uo·
1898 1547 1902 1560 '

157 1631 205 1674 ure
219 1619 316 1680 debet,
336 1627 366 1670 ut
387 1616 509 1686 loquitur
527 1614 672 1685 imperator
690 1614 719 1667 in
738 1622 759 1678 ς.
780 1627 803 1668 ι.
821 1616 882 1668 ιἰιιι.
900 1617 926 1668 d.
947 1628 965 1668 ι.
1015 1616 1076 1668 virs.
1097 1626 1137 1666 ιι.
1156 1624 1185 1668 ut
1204 1616 1309 1685 culpam
1330 1616 1359 1666 in
1378 1615 1504 1668 incendio
1522 1617 1638 1685 allegans
1649 1632 1705 1670 essu
1720 1619 1834 1690 probare

184 1704 328 1759 Sieetism
349 1703 379 1754 in
399 1701 527 1754 societate
546 1697 682 1752 sociussd
702 1697 783 1752 uitam
809 1709 966 1752 anteactam
1016 1697 1187 1754 debentvid.
1207 1699 1268 1752 doli.
1288 1697 1411 1769 Philippi
1431 1699 1604 1754 Lt.ecl-tt.
1625 1719 1653 1754 ιι.
1677 1702 1831 1772 tt.)Quid
1885 1697 1916 1742 ⁵²

155 1789 278 1846 aestimari
298 1784 418 1859 poterit,
439 1783 489 1836 boc
509 1791 564 1845 est,
583 1781 966 1844 excusatnserit,sicommu·
1016 1781 1118 1834 verosi
1137 1780 1269 1852 patriism.
1289 1781 1359 1834 nibil
1381 1783 1475 1852 cnlpae
1503 1783 1630 1854 imputsri
1659 1783 1760 1854 possiti
1790 1788 1829 1840 ita

154 1877 223 1931 nibus
239 1874 320 1928 rebus
337 1873 417 1925 telem
435 1865 603 1938 diligentium
615 1865 781 1930 adbibuerit,
793 1869 897 1937 qnelern
910 1868 966 1922 suis
1014 1877 1087 1920 certe
1107 1883 1243 1920 necessum
1263 1868 1314 1922 erit
1331 1866 1444 1938 probare
1461 1867 1564 1938 culpem
1579 1869 1642 1923 curti
1661 1879 1688 1922 et
1706 1869 1832 1924 determi-

155 1965 224 2017 relrns
242 1958 374 2012 adhibere
396 1953 493 2006 solitus
512 1961 584 2002 erat.
603 1950 656 2004 sibi
675 1951 747 2004 enim
768 1949 816 2004 hoc
838 1951 963 2022 imputet,
1015 1950 1071 2002 neti
1092 1949 1225 2011 hominis,
1245 1951 1355 2019 quaesi
1374 1968 1427 2004 uon
1446 1951 1583 2021 probetur,
1604 1965 1725 2010 remanet
1743 1955 1830 2010 inees-

152 2049 287 2120 quiparum
302 2042 462 2109 diligentem
472 2036 571 2090 socium
587 2035 639 2087 sibi
653 2035 812 2106 assumpsit,
824 2051 874 2088 nec
887 2035 964 2106 prius
1017 2033 1117 2098 titudo,
1137 2045 1163 2088 et
1180 2050 1227 2105 prr
1239 2051 1400 2106 consequens
1414 2037 1545 2089 senteutin
1558 2036 1772 2093 condemnatoris
1786 2057 1830 2092 se·

152 2140 175 2190 tu
191 2137 245 2203 etus
265 2129 354 2184 uitam
374 2131 533 2180 anteactam
552 2119 704 2190 inquisivit.
722 2117 820 2172 confer.
834 2116 849 2188 5
858 2118 891 2186 fi
902 2119 963 2172 inst.
1013 2117 1059 2187 qui
1079 2132 1133 2170 nou
1152 2127 1247 2186 potest,
1264 2117 1325 2186 quis
1344 2117 1477 2172 sententie
1495 2117 1572 2174 debet
1588 2130 1647 2174 etse
1664 2131 1734 2175 certa
1745 2139 1796 2189 per
1807 2129 1828 2186 ς.

150 2217 325 2276 droeietate.
346 2213 428 2266 Porro
447 2210 475 2261 in
495 2205 582 2276 specie
599 2219 632 2256 ex
655 2203 712 2256 sita
737 2211 864 2256 anteacta
889 2205 963 2274 cinips
1013 2219 1118 2256 curare.
1132 2211 1173 2252 tt.
1186 2199 1250 2254 inst.
1264 2201 1297 2256 de
1312 2211 1365 2256 aet.
1385 2202 1440 2255 vid.
1458 2202 1530 2256 Geil.
1548 2204 1574 2258 d.
1585 2205 1603 2256 l.
1620 2215 1644 2256 t·
1656 2225 1682 2260 a.
1698 2215 1740 2258 tt.
1753 2225 1780 2260 ιι.
1804 2215 1827 2257 ι.

151 2303 258 2359 incendii
277 2298 332 2352 orti
352 2292 457 2366 probari
478 2299 581 2361 potest,
594 2287 632 2340 nti
646 2286 674 2338 in
690 2286 813 2340 terminis
831 2286 908 2341 hebet
918 2287 962 2340 dn.
1013 2287 1074 2340 ioh.
1089 2285 1207 2357 Philippi
1226 2287 1252 2340 d.
1264 2289 1283 2340 l.
1294 2305 1320 2338 ιι.
1337 2299 1360 2340 t.
1375 2287 1490 2340 Rerlicb.
1501 2305 1529 2356 p.
1547 2300 1570 2342 t.
1584 2292 1672 2344 conci.
1687 2301 1728 2343 tt.
1742 2309 1769 2342 ιι.
1784 2302 1828 2344 ts.

151 2391 288 2444 limnnem.
307 2403 333 2436 c.
354 2391 377 2433 t.
397 2377 454 2430 dec.
474 2369 961 2443 st.Ubiexemplumsfferturiubri,
1013 2370 1101 2421 lluhn.
1128 2367 1146 2420 d
1168 2369 1185 2420 l.
1216 2369 1292 2438 Quod
1323 2371 1347 2422 si
1373 2387 1435 2424 vero
1461 2371 1517 2426 uita
1544 2383 1671 2429 anteacta
1695 2376 1827 2440 homines,
1882 2383 1913 2426 dt

150 2479 175 2532 iu
191 2479 262 2544 enjus
279 2469 395 2525 cedibus
413 2460 566 2515 incondium
583 2469 670 2513 ortum
690 2466 762 2518 erat,
780 2457 961 2526 qssodricino·
1012 2471 1076 2523 quot
1094 2452 1283 2524 pulersutuiliat
1302 2453 1331 2504 in
1354 2455 1464 2510 servitio
1489 2473 1536 2509 seu
1562 2457 1698 2512 famulitio
1722 2459 1828 2527 hebuit,

149 2577 200 2615 rum
211 2559 287 2612 aedes
298 2553 383 2608 simul
396 2553 608 2616 consumpserat,
621 2541 666 2612 qui
681 2549 823 2594 conventus
836 2561 850 2592 u
863 2543 960 2598 vicinis
1011 2539 1186 2608 negligentiae
1204 2537 1357 2603 convincat,
1376 2556 1460 2610 neque
1479 2540 1523 2592 bie
1540 2542 1573 2594 ab
1592 2543 1686 2595 amicis
1704 2544 1828 2600 tartesus

150 2663 245 2704 omnm
263 2643 375 2710 culpam
396 2627 961 2702 negabat,tedbianieactamejusuitam
1011 2623 1107 2676 vicinis
1124 2622 1288 2686 admonitus,
1307 2640 1351 2676 eos
1369 2625 1495 2691 ejecerit,
1515 2633 1578 2678 tuuc
1597 2643 1660 2680 sane
1679 2630 1737 2698 ipsa
1754 2640 1826 2684 tene-
1923 2655 1927 2668 ·

150 2735 298 2798 ,ummah
321 2719 458 2794 productis
478 2711 588 2766 testibus
605 2710 768 2782 probabant,
795 2713 884 2782 ipsum
910 2715 957 2765 ali·
1010 2698 1627 2777 bitur,percltr.textiul·2t·§.t.ettt.ffi
1646 2712 1684 2764 ad
1701 2711 1718 2762 Ι.
1738 2715 1823 2783 aquil.
1862 2731 1871 2740 ·

150 2815 242 2888 qm,
255 2813 284 2864 ᾗ,
300 2802 467 2861 „monibus
475 2794 657 2866 extinguendis
668 2795 780 2864 igneque
788 2795 962 2849 custodienda
1009 2791 1040 2844 Et
1058 2791 1121 2844 boec
1138 2788 1274 2844 sufficient
1290 2791 1324 2846 de
1336 2791 1392 2847 uita
1410 2803 1541 2848 anteacta
1554 2794 1584 2847 ia
1596 2795 1681 2850 causis
1691 2796 1826 2852 civilibus.

150 2899 318 2968 negligentem
339 2888 438 2949 inisse,
457 2883 567 2950 ideoque
586 2878 726 2930 sententie
744 2876 962 2933 condemnatoris
1012 2874 1148 2944 Sequitur.

150 2987 174 3036 in
186 2983 277 3054 ipsum.
292 2977 354 3031 lete,
375 2971 412 3024 Et
429 2970 468 3022 ita
484 2965 593 3038 quidem
612 2961 713 3017 decisio
730 2964 801 3014 olere
819 2971 875 3027 est,
894 2979 961 3032 qno·

806 3119 1056 3188 CAPUT
1104 3119 1165 3188 IV.

580 3281 639 3348 De
663 3283 734 3348 nita
759 3291 920 3344 anteacta
944 3280 982 3341 in
1004 3276 1122 3344 causis
1144 3277 1392 3346 criminalibus.

350 3441 354 3450 .
379 3475 404 3526 ,ς
422 3470 451 3525 U
465 3467 500 3523 M
513 3465 549 3520 Μ
564 3463 593 3517 A
610 3463 636 3514 lt
653 3461 677 3514 1·
688 3458 716 3512 A
1011 3457 1060 3512 An
1073 3456 1391 3528 ruoiureriminispossit
1402 3462 1564 3516 estetestis?
1576 3484 1604 3518 ιι.
1616 3476 1657 3518 ιι.

1009 3545 1058 3594 An
1078 3540 1215 3613 consessio
1239 3545 1309 3598 socii
1328 3545 1449 3598 criminis
1460 3545 1559 3614 sierint
1571 3549 1725 3606 indicium?
1736 3575 1764 3612 ιι.
1779 3569 1822 3611 tt:

150 3657 177 3708 la
197 3643 386 3706 criminalibus
410 3639 468 3693 uita
494 3642 623 3689 anteacta
653 3630 774 3684 maxime
806 3628 960 3684 attenditur.
1042 3643 1097 3696 rep.

180 3753 250 3791 m·
269 3743 292 3784 Ι.
1012 3709 1085 3776 Quid
1093 3711 1119 3763 ri
1128 3710 1308 3766 denunciatur
1318 3711 1354 3764 rit
1364 3713 1434 3766 sitae
1446 3715 1515 3768 dene
1527 3722 1691 3775 anteactae?
1703 3742 1731 3778 ιι.
1747 3737 1787 3780 tu.

151 3821 184 3874 οι
194 3819 280 3873 „pam
294 3819 456 3869 aureatam
467 3799 604 3874 inquisitio
615 3805 713 3852 eontra
725 3796 843 3866 aliquem
856 3795 962 3850 institui
1013 3794 1129 3860 Quando
1139 3795 1231 3848 sacius
1243 3795 1364 3849 criminis
1376 3797 1553 3854 admittatur?
1565 3821 1591 3854 ιι.
1610 3815 1652 3858 ιι.

176 3912 266 3971 potest.
281 3919 314 3953 ιι.
331 3907 355 3947 ²·
1011 3878 1046 3928 Ιιι
1057 3885 1149 3944 stupro
1162 3887 1219 3928 tam
1232 3876 1385 3931 uoluntario
1395 3899 1478 3950 quam
1488 3883 1613 3939 uiolento
1624 3888 1684 3942 uita
1699 3901 1829 3948 anteacta

148 3987 254 4053 Μαι·
263 3975 442 4053 inquisitioni
453 3967 589 4043 generatis
600 3983 636 4035 pr
654 3963 809 4020 emittenda.
822 3980 850 4016 n.
865 3975 890 4017 t.
1049 3961 1207 4016 attenditur.
1221 3979 1249 4014 ιι.
1264 3971 1305 4014 tt.

151 4073 238 4138 (mn,
249 4067 351 4124 citatio
364 4065 418 4118 nau
429 4075 496 4114 earu
506 4055 627 4108 obtineat
638 4052 654 4104 r
666 4071 692 4102 ιι.
707 4061 729 4102 ι.
1015 4046 1093 4112 Quae
1107 4043 1183 4098 uitae
1198 4047 1328 4100 nouenae
1340 4044 1481 4115 nonfuit,
1499 4067 1549 4121 per
1566 4054 1618 4106 vim
1636 4059 1745 4126 cognita
1771 4081 1828 4118 non

150 4150 350 4211 &recucurrit
362 4142 559 4217 dejurecisili,
574 4151 660 4192 staur
671 4135 703 4190 de
717 4133 843 4188 moribus.
859 4149 886 4183 ιι.
901 4139 926 4183 t.
1046 4131 1237 4198 praesumitur.
1250 4150 1280 4184 n.
1293 4144 1334 4186 ιι.

153 4239 239 4307 Qualis
251 4253 315 4290 esse
324 4229 442 4286 debeat?
455 4245 483 4280 n.
497 4237 521 4278 e.
1013 4213 1157 4268 Astocbiri
1168 4215 1318 4283 sepultura.
1332 4237 1358 4272 ιι.
1375 4228 1417 4272 ts.

153 4321 223 4390 Quod
232 4321 257 4372 si
268 4333 376 4371 caussae
394 4307 521 4378 capitalis
537 4313 680 4360 metuatur
696 4301 732 4354 rit
748 4317 866 4371 magnae
883 4297 963 4352 aesti-
1012 4298 1179 4352 Autoclsiria
1192 4300 1338 4370 omnijure
1349 4303 1497 4372 pralihda.
1512 4325 1539 4360 ιι.
1555 4319 1596 4364 to.

179 4404 312 4460 motionis
324 4411 349 4454 et
361 4397 503 4454 sitaedene
518 4399 670 4455 anteactae,
681 4405 718 4442 an
732 4383 963 4440 incarcerandus?
1015 4379 1069 4447 Qui
1087 4397 1115 4434 re
1132 4381 1219 4450 ipsum
1238 4385 1338 4438 oceidit
1356 4388 1443 4456 usagis
1459 4401 1570 4458 peccat,
1583 4413 1664 4466 quam
1676 4402 1725 4470 qni
1735 4402 1827 4459 aliam.

1049 4483 1075 4516 ιι.
1095 4476 1137 4517 ιι.

155 4499 344 4640 Qiidiei‘guff,
354 4561 438 4616 semel
446 4577 482 4613 ec
493 4571 600 4612 earcere
613 4548 752 4624 estsuperit
763 4552 778 4604 i
788 4569 816 4602 ιι.
831 4559 857 4601 ι.
1012 4553 1094 4607 Certo
1105 4562 1223 4622 respectu
1234 4553 1316 4608 etiam
1330 4555 1386 4624 εῘιιι
1400 4557 1475 4614 bona
1488 4561 1684 4634 confiscantur,
1699 4589 1726 4624 η,
1741 4587 1785 4628 3,,

154 4657 206 4722 Qua
216 4673 311 4726 paena
324 4643 509 4718 adjiciendus?
521 4660 548 4694 ιι.
565 4651 606 4694 to·
618 4653 673 4709 rep.
1017 4634 1089 4704 Quid
1100 4635 1125 4687 si
1137 4653 1173 4687 ex
1193 4637 1249 4692 uita
1268 4649 1399 4692 anteacta
1418 4655 1539 4713 constet,
1560 4646 1679 4720 aliquem
1696 4671 1726 4708 η
1744 4655 1834 4726 imm

154 4741 194 4790 An
217 4757 252 4793 aa
274 4737 343 4792 vita
368 4741 495 4788 anteacta
513 4726 643 4780 indicium
661 4724 699 4778 ad
714 4731 848 4776 tenuram
859 4716 963 4789 stunt?
1050 4737 1109 4771 non
1128 4717 1222 4775 dolose
1239 4719 1427 4782 intermisse?
1441 4745 1468 4780 ιι.
1481 4741 1522 4783 ιι.

185 4843 209 4876 n·
224 4839 233 4876 ¹
240 4835 268 4875 ².
1017 4805 1065 4856 An
1079 4804 1208 4858 baccara
1221 4803 1363 4876 carnisse,
1375 4827 1445 4878 quae
1454 4811 1548 4881 gladio
1561 4819 1662 4888 tangit,
1684 4822 1739 4877 ribi
1757 4827 1838 4883 attri-

156 4911 196 4960 Aa
208 4909 259 4964 uita
272 4911 408 4962 anteacta
422 4898 517 4951 liberet
529 4914 546 4949 ιι
559 4889 689 4946 tortura?
702 4907 730 4942 tt·
748 4899 787 4941 ll·
1056 4889 1139 4942 dnere
1150 4889 1257 4958 parsit?
1270 4910 1301 4944 ιι.
1314 4904 1355 4946 ιι.

160 4991 304 5060 Ouidium
316 4989 344 5040 in
359 4981 466 5036 mul-,ep
478 4978 542 5032 gbl-p·
1025 4972 1088 5028 Vita
1100 4984 1227 5026 anteacta
1239 4973 1268 5027 in
1280 4979 1370 5051 magis
1380 4993 1513 5040 accurata
1527 4989 1683 5044 attenditur.
1698 5009 1729 5044 ιι.
1739 5003 1782 5046 ιι.

158 5075 235 5130 nodi,
248 5073 372 5144 torquere·
379 5081 497 5140 possunt
513 5064 619 5118 militer.
633 5081 660 5115 ιι.
678 5071 719 5112 tt.
1018 5059 1110 5113 Fama
1123 5059 1215 5130 qualis
1230 5078 1289 5116 erre
1302 5064 1421 5120 debean
1435 5087 1463 5120 ιι.
1479 5082 1523 5122 ιι.

159 5161 242 5214 ΛΜ
256 5161 342 5214 ,pm
365 5161 522 5211 ,arenosam
543 5143 970 5219 inquisitioni,redinnocenter
1023 5141 1096 5212 Quid
1104 5143 1154 5209 sit,
1164 5149 1328 5214 quotuplex,
1343 5150 1439 5220 quidus
1453 5154 1542 5208 modis
1562 5159 1844 5237 prodetur,etquan·

188 5243 316 5311 ,apicem
328 5253 466 5311 ,mma
478 5232 634 5305 exsuperet?
644 5249 673 5284 ιι.
690 5241 729 5284 to.
743 5245 802 5300 sep.
1056 5225 1092 5279 du
1103 5227 1428 5302 plenamfidemfaoiat,
1439 5239 1585 5296 remissive.
1598 5263 1627 5297 ιι.
1644 5257 1684 5299 ιι.

166 5325 286 5381 formula
298 5320 513 5398 pronunciandi.
528 5337 554 5372 ιι.
572 5329 611 5370 ts.
1025 5307 1084 5360 Cur
1099 5323 1229 5379 sagarum
1248 5314 1553 5392 confistionidusfides
1579 5345 1636 5382 nan
1664 5329 1820 5386 adhibenda
1828 5331 1845 5384 ,r

170 5411 287 5476 Qualibus
297 5409 410 5462 testibus
423 5411 566 5458 aecusatus
579 5396 798 5454 concinnandas?
812 5413 839 5447 ιι.
858 5403 898 5446 ιι.
1061 5407 1088 5442 ιι.
1111 5403 1151 5445 ιι.

172 5493 233 5558 Quid
239 5494 346 5563 iuririn
359 5501 441 5555 teste,
454 5489 502 5558 qui
512 5481 803 5555 semelpejerasitin.
820 5492 859 5533 ιι.
1023 5477 1059 5528 ln
1085 5477 1233 5534 bosnicidio
1266 5485 1409 5542 commisse
1442 5498 1570 5546 anteacta
1601 5491 1656 5548 uita
1688 5497 1843 5555 attenditur.

170 5578 230 5644 Quid
237 5579 263 5632 si
272 5580 331 5652 auis
341 5577 427 5633 semel
435 5572 471 5626 sit
483 5563 687 5628 sairsmniutus?
699 5584 726 5618 n.
742 5575 783 5620 ιι.
1047 5573 1089 5628 ιι.
1111 5568 1154 5612 ιι.
