4282 6274
789 441 1122 526 orsaorsrro
1146 436 1416 518 vronarsra
1439 439 1688 524 sueonos

666 632 769 744 M
837 621 1264 743 tuuauuuo‘
1317 625 1810 756 uuuuuuoutta

976 857 1031 900 Ill!
1056 856 1107 900 xl.
1130 853 1244 898 ΙᾸΠΠ
1266 852 1295 898 d·
1319 855 1496 900 {Demu-

1061 1015 1407 1062 urrunnun

717 1156 815 1227 rou.
831 1155 1068 1226 noorsnao
1084 1153 1150 1222 nn
1166 1111 1427 1228 sonuerant.
1446 1154 1557 1249 nou.
1573 1153 1749 1228 ronan.

953 1331 1514 1380 ιιι-ψ-

1073 1510 1382 1582 INGRESSUS.

392 1661 526 1788 Fides
548 1711 787 1780 sanctissimum
811 1710 951 1778 humani
977 1709 1115 1802 pectoris
1137 1709 1265 1776 bonum
1296 1719 1364 1792 est,
1390 1707 1587 1802 cunctisque
1614 1707 1772 1779 laudibus
1801 1709 1873 1778 suis
1891 1709 2058 1804 pretiosius.

393 1803 465 1871 llac
489 1802 659 1896 siquidem
685 1801 830 1869 humana
856 1803 1047 1868 continetur
1069 1801 1218 1880 societas,
1243 1801 1363 1882 mario,
1387 1809 1494 1865 terrae
1519 1825 1596 1890 pax,
1614 1800 1696 1868 bella
1722 1829 1757 1872 re
1781 1821 1905 1885 untur,
1922 1817 1955 1868 et
1976 1803 2000 1868 si
2015 1803 2060 1866 lve-

393 1893 551 1962 neficinm
576 1906 687 1960 tantae
719 1895 766 1960 rei
799 1893 903 1958 latius
958 1915 1088 1967 naeres,
1113 1887 1334 1956 immutabilis
1364 1889 1444 1954 fides
1476 1903 1542 1966 est,
1565 1893 1733 1984 quicquid
1758 1827 1853 1959 lena
1878 1889 2060 1960 uiritanld

391 1986 482 2080 quod
507 1985 652 2074 apposite
677 2007 744 2049 non
768 2005 868 2048 neruo
898 1916 1022 2046 cillsara
1054 1983 1126 2047 sine
1151 1980 1271 2046 fidibus
1296 1981 1377 2069 picta
1403 1980 1640 2065 adumbrarit,
1663 2010 1740 2050 cnm
1763 1983 1939 2048 lemmate:
1959 1984 2004 2050 ris
2023 1985 2060 2050 ri·

393 2091 461 2144 tarn
478 2071 609 2143 tollere?
625 2073 701 2139 tolle
717 2073 826 2139 fidem:
842 2073 896 2138 cui
913 2074 1084 2161 geminum
1101 2084 1149 2136 est
1165 2069 1251 2138 illud
1269 2093 1477 2138 romanorum
1496 2073 1701 2158 institutum
1717 2073 1811 2144 Joris
1824 2074 2061 2164 temploridnas

392 2167 470 2236 fidei
495 2164 590 2231 aedes
614 2165 823 2254 ponentium.
849 2163 949 2230 lllum
973 2164 1062 2228 enim
1089 2163 1251 2252 putabant
1281 2173 1421 2229 tutorem
1453 2161 1592 2230 lnrmani
1623 2167 1773 2256 generis3
1798 2167 1885 2232 hanc
1910 2165 2058 2232 vinrulnu

392 2271 428 2323 et
452 2261 544 2348 juxta
565 2253 697 2320 divinas
713 2254 907 2346 religiones,
932 2277 1067 2344 quoque
1097 2253 1194 2320 fidem
1227 2249 1407 2318 humanam
1437 2253 1609 2320 colendam
1641 2279 1711 2322 esse
1742 2257 1961 2322 sanctissime.
1983 2257 2060 2345 pium

396 2350 512 2438 itaque
536 2369 573 2410 aa
597 2347 814 2410 neceesarium
838 2363 900 2429 est,
926 2343 1088 2411 illibatam
1115 2365 1183 2410 eam
1217 2341 1251 2406 in
1275 2343 1438 2410 omnibus
1465 2346 1566 2410 rebus
1596 2345 1771 2434 praebere,
1796 2347 1832 2412 in
1857 2371 1927 2438 qna
1951 2344 2061 2438 Scythis

399 2438 410 2504 i
453 2462 469 2502 a
495 2437 595 2525 (teste
619 2431 757 2523 Curtio)
781 2447 850 2502 erat
876 2436 1010 2526 religio:
1035 2447 1075 2499 ut
1098 2432 1261 2524 perfidum
1285 2446 1397 2498 contra
1424 2449 1457 2499 et
1479 2435 1645 2502 nelariurn
1671 2454 1740 2516 eat,
1764 2438 1866 2503 semel
1890 2439 1995 2502 datam
2016 2458 2062 2502 ne·

395 2461 533 2620 gligero.
559 2524 697 2616 Quippe
720 2526 777 2619 qni
804 2549 877 2592 earn
904 2525 1047 2603 violant,
1064 2548 1159 2590 usum
1185 2523 1270 2590 ritae
1294 2523 1634 2607 tollunl,dissolrunt
1649 2527 1863 2611 commercia,
1880 2525 2062 2618 respublicas

394 2617 610 2710 perturbant,
634 2629 737 2708 atque
768 2633 966 2710 oppugnant
996 2613 1081 2680 illud
1104 2613 1257 2680 ominium
1288 2635 1467 2682 commune
1490 2616 1707 2706 praesidium.
1733 2617 1851 2710 ltaque
1874 2629 2061 2708 compertum

396 2721 463 2789 est,
489 2704 598 2774 Deum
624 2705 843 2798 hominesque
866 2707 950 2774 tanti
982 2707 1062 2772 boui
1096 2701 1277 2794 proditores
1307 2707 1422 2796 poenis
1453 2710 1627 2798 persequi,
1651 2708 1856 2801 eosdemque
1888 2709 1924 2773 in
1954 2706 2062 2796 snppli-

396 2801 486 2866 aium
514 2797 632 2863 merito
655 2796 726 2864 dari
751 2819 790 2862 eo
813 2798 959 2888 gravius,
1012 2819 1059 2862 uo
1082 2794 1197 2862 violata
1222 2793 1302 2860 fides
1328 2797 1430 2888 magis
1452 2815 1517 2874 est,
1542 2823 1628 2890 quae
1652 2811 1734 2865 tunc
1757 2799 1906 2866 laeditur
1930 2799 2063 2888 turpius,

395 2913 474 2958 aum
497 2887 538 2953 ad
562 2911 635 2953 eam
659 2886 853 2953 servandam
879 2911 946 2954 non
971 2821 1026 2953 tila
1051 2885 1221 2954 communi
1238 2898 1473 2978 tantum,qua
1499 2886 1588 2968 Deo,
1606 2891 1753 2978 patriae,
1769 2890 1916 2980 principi
1939 2888 2063 2954 obstrin-

395 2980 529 3072 gimur,
553 2978 609 3044 sed
635 2979 769 3068 propris
793 2977 937 3068 quadam
961 2978 1033 3070 lege
1056 2989 1161 3068 etque
1183 2975 1419 3043 beneficiorum
1444 3001 1506 3043 usu
1523 2978 1780 3069 adstringimur.
1794 2981 1875 3068 Quo
1900 3001 2061 3045 nexorum

395 3071 575 3174 illi,·quos
608 3068 744 3160 vulgato
772 3069 907 3133 nomine
937 3067 1087 3132 vassallos
1120 3089 1289 3144 vocamus,
1319 3079 1515 3150 teneantur,
1540 3071 1736 3160 gravissimo
1768 3095 1848 3137 serre
1880 3095 1914 3136 se
1943 3079 2061 3142 onerant

395 3163 556 3240 crimine,
579 3161 711 3248 quoties
736 3158 851 3224 laxatis
874 3157 1028 3248 obsequii
1054 3169 1087 3223 et
1112 3155 1244 3248 pietatis
1271 3159 1429 3236 vinculis,
1445 3157 1573 3225 domiui
1599 3159 1781 3230 desertores
1804 3161 1969 3240 andiunt,
1984 3164 2063 3250 cujus

395 3276 430 3318 se
454 3250 524 3316 lore
549 3250 699 3340 proprios
723 3247 796 3314 data
822 3248 902 3330 lide,
927 3248 1080 3338 praestito
1113 3251 1315 3337 juramento,
1340 3249 1550 3340 acceptisque
1581 3250 1749 3316 beneficiis
1778 3253 1983 3318 sanctissime
2003 3273 2063 3317 ooa-

393 3343 617 3408 firmareraut.
642 3339 718 3405 Visa
735 3356 785 3404 est
801 3339 881 3404 haee
903 3340 1035 3403 materia
1055 3359 1112 3426 pro
1129 3337 1291 3404 hodierno
1312 3353 1499 3427 temporum
1519 3359 1704 3407 nostrorum
1721 3356 1807 3408 statu
1826 3365 1894 3406 non
1922 3341 2063 3430 indigna,

395 3434 431 3500 in
457 3455 521 3522 qua
540 3429 798 3520 qualescumque
824 3428 983 3517 ingenioli
1016 3433 1081 3494 mei
1107 3428 1196 3494 vires
1218 3428 1380 3516 experiar.
1404 3427 1505 3518 Quod
1538 3445 1578 3496 ut
1602 3432 1687 3497 bene
1718 3445 1825 3502 rertat
1847 3451 1882 3500 et
1906 3453 2063 3526 prospere,

397 3521 521 3594 summi
545 3519 702 3590 Numinis
725 3518 916 3604 auxilinm,
938 3531 971 3586 et
994 3517 1033 3586 b.
1056 3519 1081 3584 l.
1104 3516 1250 3584 savorem
1274 3515 1430 3586 decenter
1454 3519 1608 3612 imploro.
1810 3513 1813 3521 ¹

1078 3684 1326 3756 CAPUT
1371 3687 1401 3756 l.

841 3861 886 3934 V
878 3861 1030 3931 assellus
1054 3859 1212 3930 desertor
1230 3861 1425 3953 garnerotim
1445 3861 1638 3932 exhibitus.

634 4037 659 4090 S
679 4036 708 4092 tl
724 4036 760 4089 fal
772 4037 809 4091 al!
823 4037 852 4089 A
869 4037 896 4090 ll
915 4036 977 4092 rA
1266 4034 1315 4086 An
1335 4035 1502 4102 expluribus
1514 4035 1701 4090 vassallorum
1714 4035 2064 4106 speciebuseriatursossl

1302 4117 1419 4172 vassalli
1431 4117 1632 4189 homonymia?
1650 4139 1679 4174 ιι.
1699 4132 1742 4174 ιι.
1762 4131 1805 4175 ιι.

393 4213 537 4281 Ingressus
553 4203 760 4279 disputationis.
778 4221 806 4257 ιι.
827 4213 850 4260 ι.
1265 4201 1317 4254 Aa
1334 4201 1448 4269 exinde,
1467 4205 1543 4275 quod
1560 4204 1647 4273 alipen‘
1663 4205 1844 4260 vassallorum
1864 4223 1926 4261 ιιοι
1943 4208 1996 4262 siu
2010 4219 2066 4258 m

392 4293 538 4350 Derioatio
557 4289 817 4346 coanimata.
839 4297 863 4340 ι.
886 4299 912 4342 ι.
1191 4329 1196 4338 .
1301 4287 1387 4350 tales,
1406 4288 1455 4340 sed
1471 4287 1555 4342 simul
1570 4289 1693 4344 subditi?
1710 4309 1739 4342 n.
1759 4301 1801 4342 ιι.

395 4378 587 4437 ιιιιιιοιιᾰιιιιι
606 4373 837 4430 dissentientibus.
856 4391 884 4426 n.
905 4381 929 4424 ι.
1268 4373 1411 4440 Quomodo
1430 4373 1549 4428 vassalli
1567 4382 1593 4426 et
1609 4373 1713 4426 subditi
1728 4373 1886 4442 differam?
1905 4392 1937 4428 ιι..
1952 4383 1992 4426 ιι.

399 4461 544 4515 Vassallas
562 4458 591 4512 in
609 4455 670 4528 is
687 4455 955 4514 accumulante.
975 4465 1002 4510 ι.
1020 4466 1049 4508 ι’.
1203 4465 1211 4472 “
1265 4457 1315 4510 An
1334 4456 1400 4512 daeo
1416 4455 1577 4526 differentis
1594 4456 1676 4510 leodis
1694 4459 1786 4514 avilius
1804 4459 2019 4516 steen-eernere.
2032 4465 2063 4508 tt

399 4543 477 4600 [lude
494 4545 547 4597 liae
565 4559 666 4595 nomen
686 4539 827 4594 traxerit?
846 4557 875 4592 ιι.
895 4551 919 4591 ι.
939 4550 964 4592 ι.
1304 4551 1346 4592 ιι.

392 4629 529 4698 Equester
546 4627 691 4682 remittam
708 4623 805 4696 quanti
820 4619 999 4679 aestimetur?
1015 4637 1045 4674 ιι.
1062 4631 1091 4674 ι.
1264 4624 1313 4676 An
1331 4641 1367 4674 eas
1385 4641 1417 4677 eo
1435 4623 1600 4695 malignitas
1617 4626 1696 4680 nocis
1715 4626 1835 4679 vassalli
1851 4635 1998 4689 nascatur.
2008 4620 2065 4696 stul

397 4715 470 4784 Quid
484 4713 523 4768 sil
541 4709 651 4767 tdohr?
671 4728 698 4762 ιι.
720 4723 764 4765 tl)-
1300 4705 1484 4779 alieniginis,
1503 4707 1579 4764 alias
1603 4727 1661 4764 ιιοιι
1679 4708 1761 4782 ligius
1782 4710 1897 4766 duntur.
1925 4728 1954 4764 η.
1976 4719 2011 4759 ιι.
2028 4715 2061 4758 ll·

396 4798 509 4868 Quoties
526 4798 640 4852 domino
657 4791 827 4865 praestando
845 4789 955 4847 servitia
972 4789 1067 4844 talia?
1081 4807 1109 4843 ιι.
1130 4797 1175 4841 ιι.
1303 4802 1345 4843 ιι.

393 4887 567 4955 Exemplum
579 4885 677 4938 lrorum
694 4879 866 4936 servitiorum
882 4879 911 4933 ιἰι
930 4875 1103 4948 expeditione
1120 4891 1214 4929 muro·
1266 4873 1379 4931 clientis
1403 4885 1431 4928 et
1458 4876 1583 4932 Hannon
1611 4877 1710 4934 norat.
1735 4875 1920 4950 ambiguitate
1943 4875 2061 4932 laborant

438 4988 486 5024 ιιιι.
505 4985 531 5020 n.
554 4976 595 5016 ll.
1300 4977 1328 5010 ιι.
1351 4971 1393 5010 ro.

397 5057 448 5110 An
467 5055 535 5106 laec
554 5047 694 5118 expeditio
712 5046 802 5101 addua
818 5045 900 5102 lodie
919 5043 1115 5102 obtinentin
1136 5053 1178 5097 ιι.
1195 5043 1196 5046 ’
1270 5043 1392 5098 Voesalli
1407 5042 1572 5098 somniatum
1591 5043 1684 5115 quod?
1700 5062 1730 5098 rs.
1749 5055 1791 5100 rt.

397 5143 449 5196 An
466 5145 492 5188 et
509 5133 605 5206 quihus
617 5130 918 5203 exstudisaliquando
936 5131 1014 5186 nulla
1033 5139 1082 5185 ιιιιι
1091 5125 1215 5184 noemi·
1272 5127 1353 5196 Quod
1367 5129 1426 5197 eius
1443 5143 1552 5181 ιιοιιιιιι.
1571 5146 1599 5179 n.
1619 5139 1662 5180 ιι.
1681 5141 1723 5182 ιι.
1741 5139 1785 5182 ιι.

437 5219 533 5276 litaria
552 5217 663 5275 servitia
681 5215 877 5288 praestentur?
893 5234 912 5269 ιι
944 5225 985 5268 ιι.
1266 5213 1464 5280 Imperatorem
1496 5208 1606 5278 imperii
1625 5211 1736 5266 ordines
1761 5211 1905 5266 dommum
1934 5211 2057 5282 appellas&

405 5304 555 5362 Germanis
573 5302 688 5359 vassalli
704 5301 841 5373 quomodo
860 5297 1012 5354 vocentur?
1029 5319 1060 5354 ιι.
1078 5309 1122 5352 ιι.
1303 5314 1332 5349 ιι.
1352 5305 1394 5348 ιι.

399 5395 450 5446 An
470 5400 543 5445 reate
561 5390 806 5444 tetendissem
821 5385 971 5440 dieantur?
990 5402 1017 5438 n.
1039 5394 1082 5436 ιι.
1265 5383 1353 5438 Duae
1370 5381 1544 5451 quaestiones
1559 5399 1597 5437 ers
1613 5382 1667 5438 lasa
1684 5380 1869 5452 appellatione
1888 5381 2056 5439 matut·-

402 5475 475 5544 Quia
493 5493 554 5528 vox
571 5475 678 5530 Manus
690 5473 718 5526 in
730 5473 800 5528 artis
815 5467 932 5542 prediisis
946 5466 1119 5540 pomerania.
1133 5463 1216 5519 deno
1304 5475 1346 5520 ιι.

436 5556 498 5610 ret?
515 5577 542 5611 ιι.
567 5566 607 5610 ιι.
628 5569 667 5610 ιι.
1271 5549 1396 5603 Vassaltr'
1412 5549 1556 5618 descriptio
1573 5551 1724 5620 subjicitur.
1743 5569 1771 5604 n.
1790 5563 1832 5604 ιι.

401 5641 588 5696 Iloua-Ilerdt
604 5639 692 5712 qaid?
709 5657 737 5693 ιι.
759 5649 799 5692 ιι.
1268 5633 1427 5688 Desertores
1447 5635 1517 5688 unde
1534 5633 1682 5690 dicantur?
1700 5652 1728 5687 ιι.
1747 5645 1792 5686 ιι.

401 5729 473 5800 Quid
483 5725 617 5798 judicium
633 5723 788 5798 principum
807 5723 857 5780 das
875 5721 1155 5782 Panaca-nectere.
1172 5732 1216 5777 ιι.
1266 5717 1405 5790 Frequens
1417 5715 1490 5776 ovare
1500 5717 1714 5774 deserendiueus
1725 5728 1752 5773 et
1761 5715 2049 5790 significationum&
2112 5683 2114 5818 ἓ
