4338 6240
340 301 390 368 ns
903 279 1316 355 onumericensium
1335 297 1356 354 s.
1525 349 1529 356 ,
1586 347 1590 352 .
1870 285 1920 336 ne

286 411 331 456 tae
349 395 479 453 martinse
495 403 577 467 genna
596 393 724 461 divinare,
747 391 849 448 ethuie
862 391 1023 446 dlsinationi
1037 398 1109 442 certo
1158 390 1304 455 extollunt,
1321 397 1348 442 et
1371 376 1435 440 tnu'e'
1455 382 1564 438 demum
1583 399 1611 436 se
1637 377 1690 436 cesi
1711 375 1759 449 jeti
1778 393 1875 430 nomeu
1894 371 1974 428 meri·

290 479 427 542 conlidore
451 481 538 548 sciit,
566 481 612 536 illa
636 479 728 549 utique
752 493 806 530 non
831 477 916 531 solutu
941 492 970 530 se
993 474 1108 528 nimium
1161 483 1234 527 turos
1253 479 1405 536 autumant,
1420 470 1442 522 si
1462 469 1491 522 in
1509 485 1602 522 omues
1622 468 1815 536 antiquitatum
1833 461 1920 530 legum
1934 476 1981 511 ra·-

289 577 419 640 quautum
438 562 525 631 fallet,
539 565 586 620 sed
599 575 626 620 st
642 560 796 617 curiositate
808 577 852 614 sm
864 559 1042 614 eonscientiae
1055 561 1109 614 rul·
1158 560 1244 612 tiones
1263 567 1290 612 et
1308 555 1550 619 circumstantias,
1567 569 1634 624 qnae
1652 562 1736 606 tamen
1755 547 1787 601 sd
1807 545 1918 598 solidam
1936 547 1977 608 ja·

222 667 253 714 to
290 669 342 724 pus
360 650 439 706 addet
450 649 529 707 haud
548 649 682 724 exiguum.
700 645 754 700 sid.
780 643 905 699 Belduin.
922 643 966 696 ait.
985 643 1037 696 loc.
1057 641 1110 694 set
1161 645 1200 697 ria
1218 641 1359 696 scientiam
1378 639 1448 693 nihil
1467 639 1545 708 pinne
1565 628 1869 696 conteruaesinuuirunt
1886 629 1974 681 wsb·

290 737 324 791 ad
344 737 461 806 reliquas
486 733 588 806 species
616 728 778 788 redeundum
805 726 892 793 mihi,
910 725 958 778 ubi
981 742 1011 779 se
1033 727 1112 780 tertio
1162 729 1231 792 sius,
1250 727 1291 780 rel
1311 725 1342 778 ad
1363 722 1541 778 investiendos
1559 727 1638 766 Μ’
1657 725 1868 807 ω’ξῑθιῑΙΜΝΝ
1887 721 1976 808 lffflffl

297 821 377 878 ollert
394 821 535 874 curiositas
555 817 756 892 philosophica,
774 831 839 885 quae
857 813 927 867 eirca
944 811 1113 884 explicandas
1161 810 1368 882 contagenriasa
1394 818 1500 875 sperare
1529 804 1727 889 naturseurat'so
1754 810 1810 890 non
1838 793 1975 890 uitulini·

291 908 432 978 perplexas
450 907 510 959 illas
523 904 700 975 antiquiorum
719 897 941 972 philosophorum
961 895 1112 950 distinctio·
1164 913 1259 952 omnes
1278 901 1381 947 merent
1398 886 1509 946 laum·
1528 879 1584 930 ΗΜ
1603 894 1675 930 ‘⁰¹⁰¹
1696 893 1724 928 ¹¹¹
1744 878 1896 946 l⁰¹¹ll⁰¹¹¹¹¹
1914 877 1976 932 [Μ’

290 1007 339 1045 nes
356 1004 383 1046 et
401 988 588 1062 excogitandas
601 1004 695 1054 noras,
708 1004 774 1057 quae
793 1001 847 1036 non
867 983 955 1036 statim
973 980 1007 1036 ab
1024 981 1113 1034 omni·
1162 998 1236 1040 rere,
1251 987 1277 1029 et
1295 991 1342 1026 ue·
1356 979 1415 1012 ⁰⁰¹ss
1436 959 1588 1028 ⁸¹¹¹¹¹P¹ib⁰⁵
1600 967 1719 1056 ⁰¹¹²²efi
1734 968 1836 1028 ‘emim
1847 968 1874 1054 fi
1887 960 1974 1056 ⁰¹0⁰?

294 1077 344 1131 bus
364 1077 480 1147 intelligi
500 1072 754 1148 possunt,soilicita
767 1079 816 1123 est
835 1069 893 1120 flac
911 1065 1028 1138 percitus
1046 1065 1115 1115 ller-
1163 1073 1191 1119 et
1211 1055 1331 1111 ‘t’fflms
1352 1042 1479 1114 Pfflifflt
1499 1061 1577 1096 ”⁶⁰¹⁰
1603 1042 1719 1111 ”edim
1743 1044 1791 1096 Ad
1811 1041 1877 1111 imd
1900 1060 1975 1096 ’Μ

295 1162 396 1214 rnolaus
413 1161 523 1231 quidam
536 1159 662 1214 barbarus
677 1175 690 1208 a
704 1153 808 1208 diubolo
828 1152 895 1204 certi
908 1146 1045 1218 eujusdam
1066 1151 1106 1200 le·
1160 1125 1309 1192 ⁶⁰¹¹dttcel,
1327 1127 1412 1192 scire,
1426 1145 1493 1180 num
1510 1128 1539 1180 in
1559 1126 1757 1196 rsrbejustr'tio,
1776 1126 1824 1180 nel
1833 1137 1915 1180 entra
1926 1147 1975 1194 po-

1006 1229 1026 1253 «
1038 1212 1110 1266 mis
1159 1211 1263 1264 moeris
1283 1211 1445 1265 hnmanitas
1458 1211 1525 1264 olim
1539 1211 1718 1282 carnificibus
1735 1209 1919 1266 habitationes
1929 1213 1976 1267 da·

270 1247 366 1350 ‚mni
391 1245 672 1345 ¹i¹⁸¹⁰¹⁶h⁰¹'..quem
692 1257 769 1378 ,Ὺ
784 1237 1024 1341 ¹⁰¹e¹¹¹gfiriisddm
1042 1305 1111 1344 nuo·
1159 1293 1298 1348 erenerit?
1314 1295 1383 1362 (teris
1402 1294 1560 1349 meretriciis
1571 1295 1660 1350 titulis
1675 1296 1766 1361 color,
1779 1315 1849 1368 quae
1850 1295 1975 1366 ιΙόνιιίιί-

291 1329 700 1466 ,ειῗιῗψῃφρῆῗψίΔις)
729 1341 979 1431 -iemcttitssl
997 1372 1112 1424 circum·
1161 1377 1211 1432 iut
1229 1378 1512 1450 angustiaesuerint?
1534 1379 1587 1438 nti
1602 1397 1711 1434 sacrum
1735 1380 1974 1452 mercatumque

227 1496 255 1538 ,q
294 1431 452 1534 ,qmffmn
471 1422 540 1514 mim
556 1433 593 1524 κζ
610 1423 682 1506 ,iliad
702 1429 796 1505 esest.
820 1451 946 1522 Ejusdem
972 1451 1028 1509 iere
1045 1454 1111 1509 iari-
1157 1473 1252 1531 patres
1264 1464 1411 1529 conscripti
1422 1464 1538 1519 uesicam
1553 1464 1786 1520 econerouerint?
1801 1467 1874 1532 Quot
1883 1467 1977 1534 gradi·

298 1501 640 1616 ⁵i⁸nt¹⁶⁰l.ipi³‘¹¹ii⁰⁰f⁰m
654 1535 811 1601 Wlfflin»
824 1555 890 1607 ‘1¹¹¹‘
909 1538 987 1608 liniet
1004 1540 1110 1612 generis
1158 1544 1247 1598 busin
1262 1546 1418 1614 capitolium
1437 1549 1503 1602 itum
1512 1543 1624 1618 suerit?
1641 1551 1759 1618 Ecquem
1780 1549 1807 1602 in
1814 1547 1908 1620 fineen
1921 1551 1974 1606 att·

287 1600 412 1676 Elidis
436 1617 471 1671 ob
495 1619 619 1672 literula'e
646 1621 687 1673 rel
706 1619 820 1690 syllabae
839 1623 1007 1677 mutationem
1027 1623 1111 1698 magis
1156 1629 1695 1702 quandodisputatasueruntistaidn
1716 1634 1974 1705 is,cuicaputgio·

287 1703 449 1776 ipuandoque
468 1701 559 1756 reddit
577 1701 723 1770 sollicitos,
741 1723 820 1774 quam
846 1723 909 1760 suae
929 1707 1022 1761 salutis
1038 1727 1109 1764 eura.
1156 1710 1203 1765 dio
1216 1714 1364 1769 abscissum
1378 1726 1427 1782 est,
1439 1716 1466 1769 si
1474 1719 1651 1790 contingeret,
1663 1735 1724 1774 eum
1735 1719 1900 1785 reviviscere,
1912 1735 1974 1774 rur·

291 1789 398 1843 Conlcr.
419 1791 452 1842 de
469 1788 516 1841 illa
533 1789 665 1858 judicium
680 1789 853 1845 Constantini
867 1794 1012 1862 germanici
1025 1794 1110 1850 initi·
1157 1793 1310 1852 cusendem
1328 1800 1464 1869 supplicio
1483 1803 1647 1857 mactandus
1659 1802 1714 1856 sit?
1728 1803 1776 1856 An
1796 1805 1977 1858 taurum-

293 1873 405 1930 nerario
417 1873 531 1944 politico
542 1893 568 1945 p.
593 1883 623 1924 tt
1155 1879 1263 1936 divitus
1281 1903 1397 1938 uxorem
1416 1901 1496 1939 suam
1514 1897 1635 1954 repetere
1650 1884 1801 1956 potuisset?
1818 1892 1866 1941 An
1886 1902 1976 1942 retur·

219 1953 249 1998 ¹²
326 1959 380 2014 Sed
398 1959 500 2012 diutius
518 1957 704 2012 ancillantium
729 1959 936 2032 disciplinarum
962 1963 1108 2019 curiositati
1156 1984 1224 2038 gens
1248 1987 1266 2020 a
1290 1968 1406 2023 mortuis
1430 1981 1620 2024 testamentum
1641 1970 1716 2038 prius
1740 1968 1869 2040 rumpat?
1887 1970 1975 2040 Cujus

286 2057 331 2100 sne
348 2063 403 2098 uon
422 2043 505 2111 dabo,
519 2055 585 2097 cum
604 2045 638 2098 cle
658 2045 720 2112 illa,
737 2063 804 2117 quae
823 2045 852 2098 in
871 2047 1054 2119 superiorihus
1073 2047 1109 2101 la·
1157 2051 1322 2122 ovumfiat,
1337 2055 1412 2124 quod
1424 2073 1440 2106 a
1457 2047 1540 2107 uariis
1551 2052 1664 2126 gallinis
1679 2053 1797 2124 positum
1817 2055 1877 2109 est?
1896 2053 1976 2109 Talia

235 2146 238 2152 ·
285 2129 435 2184 'cultatibus
459 2129 582 2198 adhiberi
603 2131 726 2185 soletrel
744 2129 835 2198 debet,
854 2131 941 2185 adhuc
963 2131 1106 2187 dicendum
1151 2132 1274 2205 prosecta
1298 2137 1356 2192 risu
1372 2137 1482 2207 potins,
1500 2155 1584 2209 quom
1610 2136 1778 2192 enodatione
1794 2136 1878 2208 digna
1894 2149 1976 2203 sunt,

283 2219 377 2274 restet.
394 2221 475 2275 Sistit
488 2217 527 2270 ibi
541 2236 568 2272 se
586 2219 675 2290 primo
686 2218 828 2272 euriositas
841 2217 1003 2287 theologica,
1017 2235 1104 2290 quarn,
1155 2227 1181 2270 et
1194 2227 1286 2272 tamen
1299 2221 1329 2274 in
1342 2230 1484 2292 utramque
1493 2222 1823 2292 partemtaepiusmagno
1835 2240 1895 2276 cum
1908 2242 1976 2278 con·

287 2303 347 2360 cura
369 2304 402 2358 de
420 2323 449 2356 ea
468 2304 497 2356 in
524 2304 643 2374 sequenti
664 2303 748 2376 capite
765 2305 852 2374 aliqua
875 2304 999 2358 instituto
1018 2315 1106 2360 nostro
1152 2303 1274 2362 tentione
1300 2305 1488 2371 ventilantur,
1510 2324 1579 2376 quae
1597 2305 1675 2360 rerba
1694 2316 1756 2360 suut
1775 2303 1909 2376 magnifici
1927 2307 1973 2360 du.

222 2401 252 2446 ts
290 2391 461 2445 inservientia
479 2389 651 2462 proponenda
665 2391 735 2455 sint,
750 2389 794 2440 hic
806 2389 952 2460 anticipare
965 2390 1033 2442 nolo.
1052 2389 1105 2442 Ex·
1153 2390 1267 2460 Ziegleri
1276 2388 1474 2460 inproefistion.
1483 2391 1521 2446 ad
1531 2394 1656 2447 lectorem
1666 2391 1820 2462 praemissa
1832 2391 1969 2448 hEckolti

236 2469 239 2476 ’
284 2467 356 2547 ‘cipit
372 2475 442 2528 banc
458 2475 525 2526 illud
545 2475 709 2528 rrredicorum
726 2474 843 2530 studium
850 2513 859 2542 ,
881 2475 950 2546 quod
974 2474 1043 2530 circa
1061 2495 1104 2532 ar·
1154 2485 1300 2528 eomnrent.
1314 2475 1354 2530 ad
1364 2477 1392 2528 d.
1407 2473 1460 2528 set
1478 2493 1539 2530 cum
1558 2476 1637 2530 istam
1657 2477 1852 2542 curiositatem,
1865 2493 1912 2530 cen
1929 2494 1974 2531 su-

287 2559 412 2616 cauoruns
431 2557 589 2614 naturalium
610 2559 790 2630 cognitionem
814 2573 967 2632 occupatum
992 2573 1044 2628 est,
1065 2580 1106 2617 so·
1157 2576 1205 2630 pra
1223 2559 1341 2624 dictum,
1362 2577 1447 2614 meam
1474 2559 1519 2612 hic
1538 2557 1623 2613 lacere
1648 2561 1743 2628 nolim,
1766 2560 1872 2630 longior
1896 2562 1926 2614 in
1945 2581 1976 2616 ea

287 2639 362 2716 letq;
382 2645 459 2714 vulgo
478 2625 1042 2715 curiositatii’dredico-physicaeinsigniri
1062 2665 1107 2699 no·
1155 2660 1210 2697 noa
1227 2661 1290 2708 ero,
1312 2645 1358 2696 sed
1378 2643 1442 2716 qnid
1463 2643 1568 2698 tandem
1596 2643 1792 2698 dissertationis
1815 2654 1920 2699 nostrae
1940 2646 1974 2697 ti-

287 2725 370 2784 mine.
384 2729 419 2782 Et
431 2727 654 2799 quemadmodum
666 2727 852 2800 illud-praeter
863 2729 1014 2799 insignem,
1028 2748 1106 2800 qnam
1156 2729 1224 2782 tulus
1242 2729 1296 2781 sihi
1315 2729 1395 2796 velit,
1416 2727 1602 2798 descriptione
1625 2727 1737 2800 quadarn
1761 2727 1908 2798 explicabo.
1925 2727 1977 2784 Est

292 2815 382 2888 parit,
401 2799 595 2884 jucundita'tem
615 2813 730 2866 utilitate
749 2831 794 2866 sua
813 2829 866 2864 non
881 2811 1053 2878 .destituitur;
1072 2813 1106 2868 ita
1157 2812 1245 2882 itaque
1264 2813 1341 2866 nobis
1359 2814 1505 2868 curiositas
1521 2812 1642 2867 studium
1659 2813 1795 2883 quoddam
1815 2814 1974 2880 nominum,

289 2902 345 2955 suis
363 2915 466 2970 qnoque
485 2915 538 2950 non
558 2907 627 2950 caret
644 2907 671 2950 ct
690 2897 834 2949 cultoribus
859 2905 886 2948 et
902 2898 1107 2967 promotoribus.
1158 2895 1279 2950 diuersas
1291 2899 1454 2968 saepiusque
1465 2898 1573 2954 alienas
1584 2915 1628 2952 res
1638 2896 1928 2970 inquirentiuemuteei
1936 2900 1976 2954 si·

287 2967 428 3039 l’ronrorit
441 2981 541 3052 quippe
554 2981 605 3034 hoc
617 2979 805 3033 serenissimus
823 2998 931 3052 maguae
949 2980 1107 3039 Britanniae
1156 2980 1186 3035 ii
1200 2981 1248 3035 vei
1265 2981 1330 3036 aliis
1345 2982 1468 3052 prosint,
1488 2982 1531 3036 nel
1547 2983 1696 3048 damnum,
1714 2984 1788 3055 quod
1805 2984 1907 3038 omues
1921 2985 1974 3039 doe

287 3059 337 3122 ¹reu
363 3067 474 3120 Carolus
501 3067 534 3118 ll.
559 3063 746 3118 constituendo
771 3067 924 3120 societatem
953 3069 1068 3138 reginen,
1092 3089 1106 3124 a
1154 3062 1774 3138 studio,ingruerepoterot,dqtirgiant.Sira
1794 3067 1916 3134 brevius,-
1935 3079 1976 3122 ast

287 3142 367 3226 ‘scopo
385 3169 432 3206 suo
450 3151 591 3220 collegium
617 3151 829 3220 experimentalc
846 3154 1013 3224 anglicanum
1033 3175 1106 3212 aaa..
1155 3149 1273 3206 sollicita
1287 3151 1315 3204 iu
1328 3167 1409 3206 cassu
1421 3150 1600 3206 obvenientes
1611 3151 1760 3223 inquisitio.
1774 3152 1813 3205 Ex
1832 3154 1910 3207 allata
1927 3154 1974 3208 de-

286 3250 357 3304 tarn,
376 3236 419 3288 eui
437 3243 544 3306 practer
564 3233 659 3286 ducem
679 3233 869 3288 Eboraceusem
892 3237 962 3306 regis
979 3236 1105 3308 fratrem,
1156 3230 1282 3289 linitione
1301 3236 1470 3290 manifestum
1489 3231 1551 3302 liet,
1574 3253 1616 3289 me
1634 3236 1798 3290 curiositatis
1816 3237 1971 3292 uocabulum

290 3317 472 3388 'lurimosque
493 3317 568 3387 regui
586 3335 711 3389 proceres
730 3319 789 3390 ipse
807 3339 854 3374 rex
871 3322 1002 3378 associare
1018 3342 1047 3380 aa
1064 3346 1107 3382 ,0-
1158 3317 1210 3371 nou
1228 3318 1332 3372 adeum
1353 3329 1453 3375 tautum
1474 3316 1654 3390 significatum
1675 3321 1826 3374 restrictum
1847 3322 1928 3386 selle,
1942 3322 1971 3376 ia

287 3340 346 3458 iun
367 3390 420 3458 rid.
435 3402 512 3456 sacri
523 3403 637 3458 romani
646 3404 756 3474 imperii
766 3405 919 3462 academici
929 3422 1048 3465 naturae
1060 3430 1106 3467 eu·
1156 3421 1208 3472 quo
1225 3403 1359 3476 plerisque
1378 3401 1517 3458 moralium
1537 3404 1628 3456 venire
1651 3403 1717 3456 solet
1733 3403 1894 3459 doctoribus.
1913 3406 1972 3460 su-

287 3489 357 3545 riosi
374 3489 402 3543 in
416 3489 533 3544 leistorio
554 3499 631 3544 ortus
641 3500 668 3542 et
684 3507 845 3561 progressus
862 3508 929 3547 suae
949 3495 1108 3552 academia,
1159 3497 1237 3541 tuuut
1254 3489 1326 3542 enirn
1345 3487 1374 3541 lri
1392 3487 1553 3543 curiositatis
1574 3505 1634 3541 snae
1653 3484 1736 3542 finem
1749 3489 1828 3559 plane
1841 3489 1977 3554 alium,et

285 3579 439 3650 praemissa
457 3575 608 3631 miscellan
634 3576 735 3631 curios.
758 3597 845 3634 anno.
872 3590 896 3631 ².
916 3581 1108 3636 promoverunt
1155 3573 1189 3626 ab
1207 3573 1270 3640 illo,
1290 3591 1367 3644 quem
1382 3569 1472 3628 nostra
1485 3571 1604 3627 intendit
1621 3572 1866 3643 curiositas,longe
1884 3563 1974 3628 direr-

287 3663 337 3716 hoc
361 3661 450 3731 magni
476 3661 625 3715 fletsuriae
651 3661 747 3728 eluces,
765 3681 877 3734 quorum
899 3666 1056 3721 auctoritate
1078 3682 1108 3720 ιο
1158 3674 1225 3712 turn.
1246 3659 1272 3710 is
1289 3659 1390 3730 qnippe
1409 3657 1555 3712 moralislls
1574 3658 1741 3712 solummodo
1768 3660 1887 3714 curiosus
1906 3659 1975 3712 (lici-

285 3735 373 3801 iaeorc
385 3739 523 3817 mllegiurn
537 3745 744 3816 experimentale
762 3747 955 3816 florentinum,
970 3749 1107 3804 academia
1159 3753 1215 3807 tur,
1235 3745 1281 3813 qui
1301 3743 1329 3796 in
1348 3760 1403 3796 rem
1416 3743 1531 3817 aliquam
1545 3741 1656 3814 inquirit
1669 3741 1765 3798 affectu
1784 3744 1866 3796 solius
1883 3744 1975 3814 cogni-

287 3834 329 3886 te}
347 3832 466 3887 cimento
484 3831 604 3895 dietum,
624 3829 761 3896 florescit,
776 3832 830 3887 rid.
843 3833 958 3888 dietario
964 3835 1027 3906 jam
1041 3835 1108 3890 atle-
1161 3825 1257 3894 tinnis,
1276 3827 1316 3880 cel
1335 3827 1382 3898 qui
1401 3827 1502 3898 aliquid
1527 3827 1596 3883 scire
1620 3830 1708 3898 cupit,
1729 3838 1830 3882 tantum
1859 3839 1888 3882 ut
1908 3829 1974 3882 illud

287 3932 353 4000 gato
366 3940 395 3993 p.
412 3931 452 3974 tt.
466 3915 573 3970 Confer.
587 3917 716 3972 Sachsius
730 3916 758 3970 in
778 3919 1003 3990 Gamrnotologia
1014 3922 1033 3974 1.
1049 3933 1071 3974 t.
1084 3939 1106 3976 c·
1159 3909 1234 3962 ’ciii
1254 3910 1329 3980 0⁰⁰¹]
1350 3909 1372 3963 ’ἰ
1392 3927 1454 3964 V⁰i⁰
1472 3909 1568 3963 ⁸ff⁰⁰¹⁰
1588 3927 1643 3962 ⁰⁰¹¹
1661 3909 1838 3978 winili‘ffli’r
1851 3911 1896 3964 ⁸⁰⁴¹
1909 3929 1977 3980 l’Pi‘

290 4021 313 4061 s.
331 4003 355 4078 5.
381 4016 424 4058 to.
452 4001 585 4056 Promovit
609 4001 659 4053 hoc
682 4003 782 4056 Rornae
808 4003 934 4073 princeps
953 4020 974 4056 s·
996 4003 1108 4074 Angeli,
1160 3995 1270 4050 rationis
1288 3997 1348 4068 quis
1366 3997 1433 4051 scire
1451 3997 1516 4069 quid
1534 4007 1659 4062 conetur,
1680 4016 1703 4050 s.
1719 4015 1759 4067 gr.
1778 4005 1807 4050 nt
1825 4013 1871 4052 sua
1889 3998 1929 4050 sel
1948 4017 1977 4052 a·

286 4073 432 4143 lutericus
450 4085 577 4149 Caesius,
596 4094 686 4155 utpote
703 4085 751 4156 qui
775 4086 913 4140 academia
936 4087 982 4140 illa
1002 4089 1107 4158 lyncea,
1159 4081 1256 4136 liorem
1275 4083 1412 4137 cornmoda
1435 4092 1604 4153 promereat,
1628 4083 1675 4136 ille
1697 4081 1841 4136 secundum
1868 4083 1975 4136 morali·

289 4177 364 4244 cnjus
384 4173 502 4226 membra
522 4171 727 4224 humoristarum
741 4169 822 4224 lsodie
840 4171 965 4226 dicautur
984 4174 1107 4239 nomine,
1160 4179 1261 4223 starum
1281 4169 1458 4241 acceptionem
1477 4169 1597 4220 curiosus
1615 4168 1730 4238 amplios
1756 4167 1808 4219 dici
1829 4185 1882 4220 non
1902 4177 1976 4238 pote·

290 4277 366 4327 suam
392 4257 472 4310 debet
491 4253 642 4324 originem,
667 4252 699 4304 de
725 4271 778 4323 qua
804 4253 857 4310 rid.
887 4253 983 4324 Georg.
1016 4259 1109 4328 Segeri
1160 4257 1206 4310 rit.
1225 4255 1290 4312 vio.
1309 4253 1415 4308 Loesius
1433 4253 1467 4306 de
1474 4252 1583 4322 justitia
1595 4262 1622 4306 et
1629 4253 1693 4324 p'nre
1705 4253 1724 4303 l.
1741 4262 1765 4302 t.
1778 4268 1800 4304 c.
1817 4261 1840 4304 t.
1853 4251 1917 4308 tut.
1934 4264 1975 4306 tt.

288 4342 377 4400 oratio
396 4342 430 4396 de
448 4337 606 4395 curiositate
616 4335 729 4408 plastica
738 4374 748 4402 ,
761 4347 789 4390 et
800 4336 871 4390 alios
887 4336 928 4390 iii
944 4338 1024 4409 alleg.
1039 4341 1105 4396 Pro·
1160 4359 1234 4396 num.
1255 4354 1298 4395 so.
1315 4339 1370 4409 Ego
1388 4355 1465 4404 sero,
1485 4335 1533 4393 sub
1558 4355 1602 4404 ea,
1622 4355 1699 4408 qrrarn
1724 4353 1842 4408 expono,
1862 4338 1973 4393 curiosi·

290 4431 377 4484 mosit
393 4429 443 4481 hoc
460 4422 664 4494 augnstissimus
684 4433 775 4476 noster
788 4422 949 4494 leopoldus,
964 4441 985 4478 a.
1004 4429 1107 4482 romani
1161 4435 1211 4482 tate
1229 4426 1319 4496 ipsum
1337 4423 1504 4498 operationis
1523 4423 1647 4478 effectum
1671 4424 1893 4494 comprehensum
1911 4443 1976 4495 quo·

288 4511 399 4584 imperii
419 4509 580 4564 academiam
600 4508 882 4563 naturaecuriosorusn
897 4527 949 4562 nou
965 4511 1108 4584 solumap-
1159 4529 1210 4582 que
1229 4510 1294 4566 uolo.
1315 4512 1346 4564 ln
1367 4511 1422 4564 sola
1445 4510 1518 4564 cuim
1539 4509 1682 4580 eademque
1705 4509 1791 4562 otiosa
1815 4511 1979 4580 contempla-

290 4595 445 4670 prolsando,
462 4592 509 4647 sed
534 4601 561 4647 et
586 4589 657 4645 idem
677 4601 785 4646 naturas
809 4593 934 4662 quaedum
954 4610 1048 4646 arcana
1075 4611 1107 4649 ex
1158 4597 1227 4650 tione
1246 4603 1273 4648 et
1291 4594 1443 4665 cognitione
1469 4597 1512 4663 jus
1532 4605 1651 4648 nostrum
1677 4611 1729 4647 nou
1752 4591 1910 4663 acquiescit,
1929 4593 1976 4648 secl

289 4685 413 4736 thesauro
432 4693 552 4732 caesareo
570 4675 804 4742 communicando,
825 4675 927 4748 dequo
951 4679 1005 4730 rid.
1024 4680 1109 4732 nisto-
1159 4681 1271 4735 ulterius
1290 4678 1473 4752 progreditur,
1491 4691 1517 4732 et
1534 4697 1577 4743 ea,
1592 4696 1657 4750 qnae
1675 4677 1797 4748 diligenti
1817 4681 1977 4752 contempla·

289 4768 333 4822 ria
345 4766 426 4838 nujus
444 4763 604 4818 academiae
621 4779 702 4834 supra
721 4763 799 4834 alleg
817 4782 880 4834 pag·
898 4765 1001 4832 penult.
1021 4776 1047 4818 et
1059 4765 1107 4820 ult.
1160 4765 1232 4818 tione
1249 4765 1388 4832 cognorit,
1408 4763 1518 4816 utilitati
1538 4763 1577 4816 rel
1595 4763 1717 4834 publicae
1735 4764 1776 4816 rel
1796 4767 1914 4834 privatae
1931 4786 1977 4836 ap·

292 4854 327 4906 Et
344 4849 405 4922 quis
423 4865 515 4902 ornnes
534 4849 611 4913 illos,
631 4849 679 4918 qui
700 4849 738 4903 rel
757 4846 860 4912 lasere,
879 4849 921 4904 rel
939 4867 999 4903 cura
1020 4851 1106 4904 isthoc
1158 4851 1247 4922 gilicat.
1275 4849 1379 4902 Deinde
1403 4847 1432 4899 in
1452 4865 1482 4902 eo
1507 4865 1610 4918 quoquc
1627 4868 1641 4900 a
1661 4847 1804 4903 ruoralistis
1830 4847 1975 4902 disortium

289 4942 448 5008 adjuverunt
465 4933 581 4989 studium
599 4950 752 4988 enumerare
765 4929 883 4986 ralercti
901 4931 956 4988 sid.
983 4933 1108 4988 Sachsius
1158 4934 1242 4987 lacere
1259 4949 1354 5004 cogor,
1372 4931 1442 5004 quod
1461 4931 1490 4985 hi
1515 4932 1682 4986 curiositatis
1706 4949 1795 4986 rocem
1821 4932 1850 4985 iu
1869 4933 1977 5005 sequio-

222 5033 252 5078 tt
289 5027 314 5078 d.»
326 5026 377 5095 dt.
392 5035 415 5075 s.
433 5032 460 5074 et
476 5036 547 5091 seqq.
567 5018 683 5074 instituti
702 5018 756 5072 mei
776 5019 844 5072 ratio
862 5017 892 5070 id
912 5034 966 5072 non
985 5017 1107 5088 patitur,
1159 5039 1214 5074 rens
1233 5035 1337 5090 semper
1353 5017 1484 5088 accipiant
1504 5028 1623 5088 partem,
1644 5017 1768 5088 illamque
1794 5016 1974 5086 studiositati,

287 5107 354 5158 irino
373 5105 408 5157 ad
434 5120 542 5172 scopum
568 5117 694 5172 propero,
713 5111 741 5155 et
762 5100 904 5170 juridicam
931 5099 1038 5154 demum
1061 5117 1107 5152 cu·
1160 5114 1292 5174 tamquam
1309 5103 1420 5168 rirtuti,
1440 5103 1708 5172 contendistingnant.
1727 5100 1789 5156 vid.
1805 5103 1910 5158 Lessins
1928 5105 1976 5160 all.

290 5188 452 5250 riositatem,
471 5187 516 5240 oui
534 5185 583 5238 lrae
600 5185 757 5256 praecipuae
776 5198 837 5240 sunt
853 5185 954 5240 dicatae
979 5187 1106 5257 paginae,
1159 5189 1210 5242 loe.
1230 5183 1338 5242 Coulcr.
1358 5187 1480 5238 Amesius
1499 5184 1716 5242 de'conscs'entia
1730 5197 1758 5240 et
1770 5185 1829 5256 ep‘us
1838 5187 1933 5258 jurei·
1951 5201 1974 5240 s.

224 5289 252 5330 ts
290 5273 439 5350 aggredior·
458 5270 509 5324 Per
527 5269 596 5324 hauc
620 5279 706 5322 aretem
727 5287 781 5324 non
808 5274 889 5324 solam
909 5272 981 5324 illam
1002 5270 1107 5324 intelle·
1159 5291 1182 5326 c.
1203 5281 1268 5336 ις.
1289 5270 1376 5324 aun
1397 5271 1467 5332 int.
1489 5267 1972 5338 ³·subjicit,curiositatem,seilic·

289 5371 359 5414 ctam
377 5359 434 5413 rolo
452 5353 625 5418 industriam,
643 5371 721 5422 quana
741 5357 862 5410 nonnulli
889 5355 917 5408 in
937 5354 1106 5425 inquirendis
1156 5356 1248 5420 illam,
1266 5375 1345 5425 quern
1363 5351 1493 5408 sitandam
1513 5365 1589 5408 antea
1610 5357 1729 5416 monuit.
1750 5373 1807 5413 esse
1823 5357 1974 5428 quintupli-

291 5442 415 5511 jueundis
433 5449 460 5493 et
478 5439 512 5492 ad
531 5439 661 5493 diversum
682 5440 930 5510 interpretationem
951 5440 1018 5511 aptis
1037 5439 1101 5511 legi·
1156 5459 1223 5496 cern.
1243 5440 1293 5511 (t.)
1311 5457 1371 5494 com
1391 5439 1438 5492 illa
1455 5441 1526 5495 seire
1545 5442 1682 5506 volumus,
1695 5460 1762 5513 quae
1781 5443 1853 5496 Deus
1873 5460 1925 5495 non
1938 5460 1977 5496 ra·

219 5547 250 5590 2⁰
290 5511 359 5592 lius,
375 5541 437 5596 quas
455 5523 570 5577 curiosas
589 5524 679 5593 vulgus
696 5525 846 5596 appellitat,
866 5533 977 5596 ponunt.
995 5523 1050 5576 Nec
1062 5542 1104 5578 ac·
1157 5527 1268 5588 selnrit,
1288 5524 1339 5598 (t.)
1357 5543 1417 5578 cum
1437 5515 1485 5580 itts'
1500 5525 1669 5596 quaerimus,
1682 5543 1748 5595 quae
1767 5526 1838 5578 nihil
1857 5537 1976 5595 spectant

290 5614 362 5682 cipio
382 5628 439 5663 eam
459 5608 601 5663 seeundum
615 5611 928 5680 menternillorum,qui
947 5613 1021 5678 juxta
1040 5609 1105 5662 illud
1157 5609 1189 5662 ad
1208 5627 1272 5676 nos,
1291 5609 1342 5682 (t.)
1361 5627 1418 5664 enm
1440 5611 1530 5664 nriuus
1554 5612 1712 5664 necessariis
1742 5611 1857 5664 maxime
1884 5609 1976 5663 stude-

289 5695 375 5749 'iaeiti
395 5693 517 5766 infimi.
540 5705 562 5747 2.
575 5696 670 5752 annal.
690 5698 836 5752 recentium
857 5696 998 5762 incuriosi,
1018 5704 1104 5750 vetera
1158 5711 1234 5761 murs,
1254 5692 1304 5766 (t.)
1322 5709 1382 5746 cnm
1402 5689 1560 5750 difficiliora
1580 5697 1748 5766 quaerimus,
1768 5695 1910 5768 principiis
1930 5715 1977 5749 ne·
