4404 6242
382 375 585 449 anslpbsbetttm
603 379 723 449 octavum
740 375 852 434 testem,
870 366 942 438 quod
961 365 1016 422 lere
1035 369 1106 420 idem
1126 374 1156 416 ut
1174 362 1202 414 in

384 463 457 516 coeci
478 466 653 522 testamento,
667 471 802 510 assumere
820 453 916 507 debere
929 451 948 504 l.
964 463 1007 504 tt.
1019 471 1041 504 e.
1054 451 1086 504 de
1099 458 1205 503 testam.

383 547 502 616 adeoque
519 544 583 596 licet
600 559 653 596 uon
672 557 721 612 per
746 555 898 610 expressam
924 533 1143 605 dispositionem,
1158 545 1206 601 per

383 629 501 686 rationis
520 640 608 683 tamen
630 627 800 679 identitatem
820 620 1040 692 anslpbabetum‚
1060 618 1128 671 sieut
1146 633 1204 668 coe·

385 731 446 778 rus,
457 728 609 780 supremam
624 729 696 763 suasu
711 710 871 762 voluntatem
891 701 1023 758 conlisere
1040 719 1129 772 posse,
1147 699 1206 752 nul·

384 799 427 850 lus
445 795 628 858 dubito,cum
649 793 698 844 lsoc
716 790 834 852 intuitu,
848 789 917 858 quod
937 803 974 840 sc.
991 801 1041 836 nec
1061 785 1147 850 legere
1159 797 1207 834 uec

385 881 505 936 scribere
522 878 625 949 possit,
645 895 694 948 pro
713 891 790 928 coeco
815 873 954 934 lsalseatur,
977 879 1002 922 et
1019 865 1100 938 parili
1117 863 1205 916 tacttt-

385 975 437 1020 tate
455 975 484 1017 ut
502 979 594 1015 coecus
613 961 668 1014 tattt
687 968 775 1030 qtseat.
795 956 868 1010 coni.
887 964 992 1025 praeter
1011 949 1129 1004 Godolr·
1144 949 1169 1002 d.
1187 947 1206 1000 l.

387 1048 482 1118 Carpe.
497 1065 523 1115 p.
546 1057 569 1098 2.
585 1045 667 1098 decis.
689 1053 749 1094 tls.
769 1061 796 1094 rt·
816 1041 865 1094 uli.

317 1148 348 1191 ιι
421 1129 667 1184 Demonstravimus
697 1127 822 1180 haetenus
854 1119 1006 1176 testamenti
1037 1117 1065 1171 in
1095 1115 1206 1185 scriptis

384 1213 547 1272 conficiendi
566 1213 760 1276 solemnitates,
773 1228 832 1263 oum
846 1225 908 1262 sero
918 1204 1048 1274 ejusmodi
1064 1213 1206 1256 testamen-

388 1313 445 1356 tum
466 1303 558 1352 sasinus
576 1296 742 1368 ireqsaentari
763 1297 844 1347 sottus
863 1311 913 1362 per
931 1306 1025 1344 recess-
1046 1289 1112 1357 imp.
1131 1285 1207 1338 Colo·

386 1383 475 1436 niens.
488 1381 520 1434 de
532 1399 610 1435 anno
634 1391 710 1432 tstt.
722 1379 762 1432 cit.
778 1383 839 1433 Voss
850 1383 1038 1430 testamenten.
1052 1378 1075 1434 §.
1087 1371 1152 1422 Νιιιι
1165 1369 1209 1422 die

376 1465 472 1536 sorm-
485 1467 560 1518 eines
568 1475 728 1519 testamenta
739 1463 768 1516 irs
782 1462 941 1530 Scdnflteu,
950 1457 1063 1512 welches
1074 1455 1210 1508 nunmelsr

388 1550 498 1603 nielsio
515 1566 626 1618 grosser
646 1549 746 1616 Ubung
767 1545 819 1606 ist,-
839 1554 945 1614 propter
963 1540 1049 1592 sarias
1068 1553 1163 1607 nesupe
1181 1552 1210 1589 ac

388 1633 553 1702 multiplices
573 1631 765 1696 solemnitates,
778 1630 874 1699 quitus
892 1625 1011 1698 praecise
1029 1641 1082 1676 nort
1100 1620 1205 1673 adldbi·

334 1752 337 1758 -
387 1716 436 1778 tis,
459 1713 546 1784 ipsum
566 1723 751 1768 testamentum
769 1712 887 1764 vitiatur.
906 1707 1031 1777 Carpocr.
1047 1723 1073 1770 p.
1095 1716 1119 1756 s.
1138 1721 1161 1756 c.
1182 1715 1205 1756 s.

389 1798 444 1868 defi
461 1810 483 1852 t.
494 1801 517 1866 §.
532 1811 557 1850 s.
570 1799 616 1849 sed
636 1806 793 1851 testamenta
811 1798 949 1864 plerumqs
963 1788 1139 1859 nuncupativa
1150 1805 1208 1842 esse

390 1887 501 1948 solenni,
521 1883 594 1936 nulls
613 1881 756 1934 dubitandi
775 1897 837 1931 ansa
857 1878 935 1930 nobis
953 1873 1077 1936 (labitur,
1095 1875 1160 1943 quio
1180 1884 1208 1926 et

389 1966 558 2036 snatphabeti
586 1966 627 2018 sic
645 1965 737 2018 testari
756 1963 856 2034 possint
889 1973 913 2014 et
931 1958 1040 2029 quidem
1058 1975 1088 2010 eo
1108 1955 1206 2024 magis,

389 2069 449 2104 cuin
471 2057 629 2104 testamenta
648 2048 823 2118 nuncupativa
843 2047 942 2097 nnllam
962 2043 1138 2111 scripturam,
1156 2057 1207 2109 qua

389 2135 556 2206 analpbabeti
584 2132 787 2194 destituuntur,
809 2129 961 2198 nullamque
983 2125 1206 2194 subscriptionem

389 2230 432 2273 aut
449 2218 637 2287 sigillationem
658 2217 812 2286 requirant,
833 2212 918 2264 sedin
938 2213 992 2263 sola
1011 2208 1206 2278 nuncupatione

389 2307 546 2356 consistent.
563 2301 659 2370 Carpe.
677 2319 702 2366 p.
723 2313 746 2351 s.
764 2315 787 2352 c.
807 2311 831 2350 s.
849 2293 905 2365 def
927 2304 968 2346 st.
987 2311 1015 2344 n.
1033 2291 1082 2346 ult.
1101 2301 1126 2342 et
1150 2288 1207 2360 defi

394 2397 434 2438 st.
453 2386 583 2454 Equidem
596 2400 691 2451 negare
714 2400 766 2435 nort
781 2397 904 2452 possunt,
926 2385 1112 2429 testamentum
1136 2389 1205 2424 nun·

389 2472 538 2541 cupatisnm
563 2469 595 2521 ad
621 2467 737 2520 luituram
763 2467 802 2515 rei
830 2463 986 2515 memoriam
1012 2457 1168 2528 saepissime
1192 2476 1207 2509 a

393 2555 506 2606 notariis
532 2554 560 2604 in
582 2552 737 2620 scripturam
758 2548 859 2617 redigi,
879 2563 932 2600 uon
959 2557 1045 2599 tamen
1065 2543 1127 2594 inde
1146 2542 1207 2594 suls-

392 2639 490 2690 stantia
508 2639 575 2702 eius,
598 2653 666 2706 quae
683 2635 842 2702 scripturum
863 2629 932 2682 haud
959 2629 1089 2698 requirit,
1110 2627 1205 2679 mutari

389 2733 493 2794 potest,
512 2723 558 2774 sed
577 2721 717 2782 subsistit,
735 2718 839 2772 etiamsi
860 2723 1045 2768 testamentum
1073 2728 1207 2780 nuncupa-

389 2808 474 2858 tirum
495 2824 542 2858 nec
559 2803 673 2859 testatori
695 2803 872 2874 praelectum,
891 2815 940 2851 nec
957 2796 992 2849 ab
1011 2797 1068 2868 ipsc
1088 2793 1206 2846 subscri-

390 2903 463 2962 ptum
479 2890 566 2944 luerit.
580 2889 632 2942 rid.
645 2899 746 2958 praeter
764 2885 857 2954 Carps-
875 2885 902 2938 d.
920 2881 976 2950 defi
990 2892 1033 2934 tt·
1048 2879 1137 2932 Richt.
1152 2879 1206 2932 dec.

395 2973 745 3111 ³²h5eol·d2·¹¹”¹m;:;¹m
769 3052 947 3107 solemnibus:
965 3049 1025 3120 quia
1050 3050 1138 3102 aulem
1164 3067 1206 3103 so·

391 3143 544 3196 leiustitates
554 3143 585 3194 in
598 3140 736 3192 nonnullis
755 3137 922 3190 testamentis
935 3136 1059 3188 remissas
1071 3134 1204 3197 ridemus,

392 3237 425 3279 ut
442 3227 468 3278 in
491 3236 647 3278 testamento
665 3223 749 3292 patris
770 3223 838 3275 inter
857 3221 975 3284 liberos,
995 3221 1023 3271 iu
1042 3217 1205 3271 testamentis

390 3311 564 3376 rusticorum,
583 3327 674 3363 eorum
699 3323 801 3377 quoqne
824 3303 1024 3357 subsistentiam
1049 3305 1119 3354 circa
1137 3303 1206 3354 anal·

392 3397 564 3466 plsabetorum
583 3398 642 3463 jura
660 3390 897 3446 considerabimus·
910 3389 988 3441 Prius
1002 3385 1146 3439 subsistere
1163 3403 1206 3450 ¹as·

393 3498 523 3542 serimus,
538 3479 646 3533 etiamsi
665 3487 740 3548 pater
761 3479 832 3527 inter
859 3469 929 3524 filios
954 3479 1097 3523 testaturus
1114 3470 1205 3521 solun·

391 3573 473 3616 tatem
493 3579 581 3624 suam,
602 3563 624 3613 si
643 3559 834 3628 analpisalsetus
858 3553 953 3617 fuerit,
975 3566 1021 3622 per
1043 3550 1124 3602 alium
1143 3567 1204 3602 cou-

391 3649 472 3701 scribi
494 3665 545 3700 stou
559 3645 705 3706 curarerits
720 3644 764 3695 sed
778 3642 843 3694 duos
856 3637 945 3692 saltim
960 3649 1036 3692 testes
1049 3637 1130 3688 etism
1147 3651 1205 3706 spe·

392 3733 497 3786 cialiter
515 3747 568 3783 non
588 3739 711 3798 rogatos,
724 3725 856 3795 Carpnp.
876 3735 900 3774 s.
917 3740 941 3774 c.
961 3730 985 3773 t.
1003 3719 1059 3791 des.
1081 3733 1119 3772 ts.
1134 3737 1161 3771 n.
1183 3729 1205 3770 t.

391 3814 558 3876 adhibuerit,
571 3813 659 3881 iisque
673 3813 834 3864 noluntatem
853 3823 927 3860 suasu
943 3806 1100 3876 exposuerit
1117 3821 1146 3856 ac
1159 3803 1204 3855 de-

390 3902 539 3953 claraverit.
558 3899 603 3950 dn.
623 3899 711 3951 Strui.
727 3895 756 3948 in
773 3894 885 3965 jurispr.
903 3909 977 3946 roos.
998 3886 1207 3960 garm.sarensi

389 3985 435 4037 tth.
452 3985 526 4037 t·tit.
541 3995 580 4037 ts.
592 4000 618 4034 ιι.
634 3995 657 4034 t.
671 3979 810 4051 Siquidem
830 3980 859 4030 in
879 3976 1029 4045 bujstsmodi
1046 3981 1205 4025 testamento

390 4070 480 4124 omnis
499 4069 566 4138 juris
584 4067 671 4122 cii-ilis
697 4067 853 4120 solemnitas
877 4065 1000 4122 remissa,
1019 4067 1047 4112 et
1060 4059 1153 4112 omnia
1171 4057 1205 4110 ad

390 4161 460 4227 juris
479 4160 598 4227 gentium
617 4155 745 4209 terminos
764 4153 883 4212 redacta,
901 4145 1045 4200 seeundum
1064 4144 1133 4214 qmotl
1153 4143 1205 4196 duo

391 4243 481 4294 saltim
501 4251 582 4293 testes
601 4234 724 4290 sullicere
742 4242 861 4306 possunt.
882 4232 973 4286 liieht.
991 4231 1047 4283 dec.
1060 4239 1101 4282 ts.
1114 4247 1142 4282 ιι.
1164 4239 1205 4280 ts.

389 4329 495 4397 Quaero
514 4336 597 4377 sutem
617 4321 686 4374 circs
706 4320 755 4371 boc
774 4325 956 4370 testamentum
976 4325 1114 4385 parentum
1134 4313 1205 4366 iuter

387 4411 501 4475 liberos,
519 4409 541 4461 si
563 4409 591 4460 in
609 4423 668 4460 arca
695 4404 779 4475 patris
803 4400 972 4470 analpbabati
995 4399 1117 4452 schedula
1134 4399 1205 4452 disi·

388 4497 490 4548 aionem
511 4495 639 4546 bonorum
667 4490 740 4541 iuter
759 4483 831 4538 lilios
856 4483 1013 4548 continens,
1036 4483 1202 4552 reperiatur,

388 4595 457 4631 sone
469 4576 593 4630 schedula
607 4575 651 4627 illa
665 4575 776 4625 satorem
791 4569 887 4622 habere
898 4566 1004 4637 possiti
1017 4567 1110 4621 Paucis
1121 4585 1199 4635 qnas-

389 4664 504 4716 stionem
524 4675 662 4730 negamus,
676 4657 737 4727 quia
757 4654 805 4706 boc
820 4653 897 4705 ruodo
911 4649 1049 4705 fraudibus
1060 4659 1150 4720 aperta
1163 4651 1203 4702 ria

387 4748 550 4802 ostenditur.
572 4743 680 4796 Cardin.
700 4739 819 4792 Tuscltus
837 4738 921 4790 conci.
945 4746 1005 4788 tot.
1023 4753 1051 4786 ιι.
1072 4744 1095 4785 t.
1115 4747 1138 4787 s.
1163 4736 1203 4787 tis.

386 4844 405 4883 t.
426 4832 454 4885 Si
480 4842 567 4882 autern
592 4837 665 4897 pater
683 4821 872 4892 snnlpbsbetus
895 4837 953 4872 eam
979 4819 1137 4872 diuisionem
1168 4819 1202 4871 ab

388 4916 455 4986 ipsis
472 4912 568 4965 litteris
585 4907 716 4962 subscribi
735 4913 868 4968 curasset,
888 4921 941 4956 non
959 4902 1052 4956 dubito
1064 4901 1200 4971 eamdem,

387 5015 439 5051 non
458 5008 487 5051 ut
505 5005 701 5056 testamentum,
715 5005 749 5042 ex
767 4989 944 5060 dispositione
965 4988 1044 5040 Antis.
1062 4987 1200 5057 quodsine

386 5101 410 5136 c.
421 5083 454 5134 de
471 5092 580 5135 testum.
597 5077 644 5132 sed
663 5085 691 5130 ut
710 5084 869 5128 contractum
888 5089 921 5126 ex
939 5071 1114 5125 consentione
1133 5071 1198 5123 libe·

387 5183 476 5222 rorom
497 5165 651 5217 subsistere.
668 5161 723 5213 rid.
742 5160 801 5214 ttie.
818 5159 851 5214 tle
871 5158 1024 5213 passeribus
1043 5155 1072 5210 in
1089 5157 1200 5226 saepius

383 5252 455 5305 dieto
469 5259 547 5301 tract.
560 5247 595 5300 de
606 5245 739 5312 scriptura
748 5245 860 5311 privata
874 5243 920 5296 lid.
934 5254 960 5294 s.
974 5261 1001 5294 ιι.
1033 5253 1074 5295 ss.
1093 5251 1119 5293 et
1129 5256 1199 5310 seqq.

384 5335 458 5386 ltine
478 5330 663 5384 firmissimum
685 5332 796 5386 testandi
811 5333 917 5387 modum
937 5333 1016 5385 etiam
1031 5333 1059 5382 iu
1072 5331 1199 5383 soletum·

385 5419 435 5472 bos
453 5416 620 5470 testamentis
638 5415 728 5470 dicunt
741 5417 785 5469 dd.
804 5419 825 5471 si
846 5425 954 5469 testator
972 5421 1134 5483 praesentem
1155 5431 1197 5464 ro·

384 5513 425 5556 cet
452 5500 607 5563 haeredem,
626 5511 651 5552 et
673 5501 797 5554 cautelam
815 5497 932 5551 addunt:
952 5509 977 5550 ut
1003 5493 1132 5564 scriptum
1159 5507 1195 5548 te·

384 5597 541 5641 aramentum
568 5585 672 5638 haeredi
698 5587 849 5656 praelegat,
871 5589 1077 5648 testamentoque
1095 5577 1197 5632 adseri·

382 5675 444 5730 bat:
468 5673 530 5731 llud
541 5672 630 5726 doette
643 5689 673 5726 er
682 5671 778 5728 seicen
791 5672 890 5724 letsten
916 5665 1016 5722 tritus
1029 5662 1126 5718 seiuen
1140 5664 1194 5716 Isi·-

993 266 1184 329 lllSl’ll'l'd‘l'·
1202 265 1260 319 ttr.
1278 259 1397 320 CAPUT
1414 263 1462 318 lv.

1946 293 1993 347 ¹too

1254 360 1305 412 len
1319 361 1489 428 corgetesen,
1504 356 1555 412 mit
1566 359 1686 416 meten
1699 360 1741 417 sie
1749 361 1817 418 cuci
1829 361 1956 435 eujiiedea
1964 385 2039 442 genae

1253 459 1312 498 seu.
1330 445 1431 496 naeres
1448 443 1521 498 enirn
1540 454 1649 499 eatenus
1668 447 1777 500 tacendo
1789 448 1826 500 ael
1838 453 2041 526 acceptando,per

1255 527 1363 580 modius
1383 527 1452 599 pacti
1470 545 1499 581 se
1516 527 1661 598 obligatum
1680 529 1784 595 reddit,
1802 531 1859 600 qaia
1881 535 2041 593 contradicere

1254 609 1392 679 potuisset.
1411 627 1466 681 arg.
1485 613 1502 665 t
1507 612 1568 684 fin.
1586 631 1609 668 e.
1623 615 1657 668 de
1657 612 1830 685 fideicomm.
1850 615 1887 668 De
1903 620 2041 674 rusticorum
2072 644 2094 687 η

1258 695 1425 748 testamentis
1439 695 1509 749 uiltil
1528 697 1619 752 dicere
1632 700 1728 761 babeo,
1747 700 1845 768 qnippe
1856 717 1910 751 eam
1924 705 2043 756 materiam

1256 779 1314 830 fuse
1331 780 1359 834 iss
1373 778 1474 848 disput.
1484 782 1534 834 sub
1546 782 1591 836 du.
1611 781 1736 836 Praeside
1747 783 1840 835 dubito
1852 784 1883 834 de
1894 787 2043 840 testamentis

1255 864 1418 918 canticorum
1439 866 1563 920 traditam
1582 865 1735 938 conspicio,
1746 865 1780 919 ad
1798 885 1873 938 quam
1890 869 1964 921 etiam
1981 871 2045 925 beas

1255 949 1341 1000 solum
1359 951 1485 1004 lectorem
1506 952 1649 1005 remissum
1668 952 1736 1006 solo.

1292 1031 1350 1084 lloc
1366 1032 1434 1084 eirea
1457 1043 1613 1086 testamenta
1629 1034 1716 1087 adhoc
1735 1032 1905 1098 monendums
1922 1035 2048 1091 bumanara'
2074 1063 2098 1108 gg

1255 1110 1444 1168 infirmitatem
1463 1115 1622 1188 quandoque
1639 1135 1693 1170 uon
1712 1123 1814 1181 sinere,
1832 1135 1921 1170 omnes
1937 1121 2046 1173 solemui·

1257 1208 1323 1252 tates
1350 1201 1378 1252 in
1402 1211 1622 1255 testamentorum
1653 1201 1816 1258 coniecdone
1844 1203 1984 1268 obaerrari;
2009 1207 2048 1259 sed

1254 1283 1411 1354 quaudoque
1434 1286 1504 1339 circa
1530 1286 1651 1339 haeredis
1675 1287 1889 1354 institutionem,
1914 1299 1955 1340 aut
1979 1290 2049 1344 etiam

1255 1367 1325 1420 cirea
1345 1369 1417 1438 ipsas
1435 1370 1615 1425 solemnitates
1634 1371 1761 1424 nonnulla
1780 1371 1884 1440 negligi.
1897 1375 1929 1424 [t
1945 1389 2001 1424 sero
2015 1374 2048 1424 ul·

1257 1451 1321 1505 tiana
1342 1453 1482 1508 bominum
1500 1454 1600 1523 elogia,
1620 1464 1758 1526 postquam
1777 1457 1830 1522 jam
1848 1454 1919 1507 aliud
1936 1457 2049 1510 rettenou

1256 1547 1385 1604 possunt,
1400 1537 1422 1589 l.
1436 1551 1458 1590 t.
1471 1557 1494 1592 e.
1505 1540 1538 1593 de
1549 1554 1586 1591 ss·
1600 1539 1729 1605 eeclesiis,
1742 1540 1842 1593 exitum
1858 1541 1948 1593 habere
1958 1553 2049 1610 queant,

1254 1637 1332 1688 quaem
1351 1621 1494 1692 imperator
1512 1623 1655 1694 diligenter
1672 1626 1755 1677 cuiuis
1772 1625 1891 1693 judicum
1910 1625 2018 1679 inculcat.
2035 1627 2051 1678 l.

1257 1713 1281 1754 t.
1290 1703 1332 1773 ff.
1350 1707 1504 1777 quemadm.
1518 1717 1624 1762 testam.
1640 1710 1780 1776 operiunt,
1800 1709 1912 1760 clausula
1928 1709 2048 1762 codicilla-

1257 1787 1316 1853 ris,
1331 1799 1462 1860 tamquam
1478 1793 1602 1846 ”lutaris
1619 1805 1647 1845 et
1666 1793 1795 1846 adinstar
1814 1794 2052 1862 emplastri,omnia

1255 1873 1321 1926 sitia
1340 1878 1475 1943 sanantis,
1487 1878 1654 1930 testamentis
1671 1881 1769 1948 apponi
1788 1881 1870 1944 solet,
1882 1899 1931 1948 qua
1948 1891 2051 1946 caretur,

1256 1965 1303 2021 ut,
1321 1956 1344 2008 si
1366 1967 1551 2012 testamentum
1577 1962 1663 2013 salere
1681 1979 1734 2014 nou
1757 1963 1855 2032 possit,
1874 1974 1903 2016 ut
1926 1974 2052 2019 testamen·

1257 2048 1313 2092 tum
1334 2042 1447 2096 retineat
1465 2053 1552 2096 tamen
1566 2045 1620 2097 rim
1633 2045 1817 2100 codicillorum
1829 2047 1867 2099 sel
1881 2044 2052 2100 fideicommis-

1256 2139 1359 2187 sorum,
1372 2135 1398 2178 et
1418 2125 1455 2178 ita
1473 2126 1506 2178 ab
1526 2127 1654 2180 intestato
1668 2126 1791 2182 haeredes
1803 2129 1936 2185 senieutes
1950 2148 1990 2182 sua
2001 2149 2054 2200 par-

1257 2214 1282 2258 te
1301 2206 1420 2262 detracta
1441 2212 1574 2264 testatoris
1592 2212 1753 2265 voluntatem
1773 2212 1911 2282 impleant.
1923 2214 1971 2268 aid.
1988 2217 2052 2268 Vita·

1255 2289 1291 2340 lis
1309 2290 1342 2344 de
1361 2291 1503 2345 Cambauis
1520 2297 1549 2346 in
1567 2297 1692 2350 trocheis
1703 2297 1836 2352 eteusuta's
1852 2317 1913 2366 pag.
1928 2309 1951 2350 t.
1963 2315 2052 2369 orgum.

1257 2384 1281 2426 t.
1292 2385 1320 2426 et
1335 2375 1412 2430 Celso
1424 2379 1530 2448 flegon.
1541 2383 1575 2434 de
1585 2381 1726 2446 clausulis,
1740 2385 1787 2452 qui
1795 2384 1881 2437 simul
1897 2385 1962 2440 editi
1972 2397 2055 2438 estant
2073 2380 2079 2394 ’

1253 2477 1280 2524 p.
1300 2469 1360 2510 stt.
1380 2463 1485 2532 Quaero
1509 2464 1607 2534 igitur,
1626 2465 1649 2518 si
1676 2468 1867 2538 analphabetus
1891 2469 2011 2523 notarium
2028 2471 2054 2522 sd
2081 2483 2102 2526 tt

1254 2558 1284 2594 se
1301 2545 1402 2610 soceri,
1423 2545 1528 2617 sibique
1547 2558 1732 2603 testamentum
1751 2551 1922 2605 conscribere
1939 2565 2054 2622 rogasset,

1255 2642 1325 2678 aisne
1343 2627 1419 2696 liujus
1438 2633 1519 2684 etiam
1539 2635 1674 2688 voluntate
1692 2635 1763 2687 dicta
1783 2636 1901 2690 clausula
1919 2655 2052 2709 praesuma·

1259 2717 1302 2760 tur
1319 2711 1436 2778 adjecta,
1456 2725 1483 2768 et
1502 2734 1571 2768 anne
1588 2715 1712 2770 effectum
1732 2719 1835 2774 babere
1854 2720 1957 2792 possiti
1974 2723 2054 2788 Vulga-

1256 2803 1312 2846 tum
1331 2797 1439 2866 quidem
1459 2812 1513 2853 est:
1527 2803 1608 2870 ignoti
1623 2803 1694 2854 nulla
1710 2804 1826 2874 cupido,
1841 2805 1954 2875 adeoque
1971 2823 2014 2858 uec
2026 2816 2055 2857 te-

1255 2881 1363 2932 statoris
1379 2884 1550 2954 analphabeti
1563 2887 1695 2941 voluntate
1711 2889 1829 2940 clausula
1848 2889 2003 2942 codicillaris
2017 2888 2054 2941 ad·

1254 2963 1324 3029 jecta
1343 2969 1541 3034 praesumitur,
1561 2971 1626 3024 ltine
1645 2981 1671 3022 et
1689 2970 1753 3023 Fsb.
1773 2973 1883 3026 Terret.
1902 2973 1934 3025 de
1946 2969 2024 3042 effect.
2036 2983 2057 3026 et

1255 3046 1349 3117 desset.
1367 3051 1453 3104 eluas.
1469 3055 1586 3107 codicill.
1609 3066 1710 3124 quaest.
1781 3073 1809 3108 n.
1833 3067 1858 3109 t.
1876 3074 1934 3109 cum
1952 3057 2056 3124 allegatis

1255 3131 1356 3186 ibidem
1376 3135 1424 3188 dd·
1442 3136 1527 3191 libere
1544 3140 1656 3204 asserit,
1671 3139 1807 3204 eamdem,
1830 3159 1892 3194 cum
1912 3150 2015 3194 testator
2029 3141 2057 3194 ob

1256 3213 1432 3280 ignorantiam
1453 3218 1531 3288 hujus
1549 3222 1678 3275 clausulae
1702 3221 1829 3276 effectum
1853 3242 1906 3278 nou
1924 3226 2057 3292 intelligat,

1255 3297 1326 3350 nihil
1342 3303 1462 3370 operari,
1475 3303 1520 3356 sed
1538 3323 1587 3374 pro
1606 3323 1658 3358 nou
1676 3307 1779 3374 adjecta
1796 3307 1903 3362 baberi.
1923 3313 2015 3362 Verum
2031 3307 2056 3358 tt·

1254 3392 1310 3434 cest
1327 3386 1405 3438 nolis
1428 3386 1461 3439 ab
1485 3387 1528 3440 bis
1546 3391 1683 3454 recedere,
1701 3390 1798 3460 quibus
1824 3393 1955 3450 contraria
1979 3401 2056 3460 utpute

1257 3469 1366 3536 aequior
1384 3480 1412 3523 et
1436 3474 1639 3528 convenientior
1660 3473 1792 3526 sententia
1820 3474 1937 3540 arridet;
1958 3474 2058 3525 dicimus

1254 3553 1343 3616 euim,
1364 3557 1503 3610 clausulam
1528 3557 1711 3610 codicillarem
1735 3573 1871 3611 consensu
1895 3569 1923 3612 et
1942 3559 2059 3611 scluutate

1254 3638 1418 3706 anulphabeti
1440 3651 1598 3694 testamento
1614 3641 1743 3710 adjectam
1756 3644 1911 3711 praesumi,
1924 3655 1949 3696 et
1964 3642 2058 3714 quidem

1252 3738 1286 3773 ex
1312 3727 1482 3792 sequentibus
1506 3727 1669 3780 rationibnss
1687 3728 1881 3798 snalphabetus
1906 3733 1978 3784 euim
1995 3739 2058 3782 nota·

1255 3807 1325 3856 rium
1345 3807 1377 3858 ad
1398 3825 1426 3862 se
1443 3827 1551 3873 secana,
1571 3819 1601 3863 ut
1624 3811 1675 3864 sibi
1702 3811 1782 3865 iaciat
1809 3824 2011 3874 testamentums
2029 3811 2060 3863 its

1255 3893 1376 3944 eumdem
1404 3909 1508 3959 rogasse
1525 3905 1660 3958 ornamur,
1680 3906 1709 3948 ut
1725 3895 1851 3964 legitime
1876 3898 1929 3951 sibi
1947 3897 2060 3952 conderet

1253 3985 1453 4038 testamentums
1472 3994 1526 4047 quc
1542 3979 1615 4030 omasi
1635 3980 1741 4032 meliori
1760 3980 1842 4034 modo
1862 3983 1950 4035 ralere
1966 3992 2060 4052 possets

1253 4063 1305 4130 jam
1326 4079 1388 4116 sero
1404 4065 1570 4118 commodior
1593 4065 1756 4119 subsistendi
1782 4069 1881 4121 modus
1905 4069 2058 4130 condatur,

1251 4163 1329 4216 quam
1350 4165 1398 4216 per
1416 4150 1558 4200 clausulam
1577 4149 1774 4214 codicillarem,
1786 4150 1873 4219 igitur
1885 4163 1910 4204 et
1925 4153 1990 4204 hanc
2006 4147 2060 4201 addi

1252 4234 1365 4308 soluisse
1379 4233 1496 4298 videturs
1509 4235 1599 4287 rolens
1616 4234 1688 4286 euim
1702 4231 1800 4300 linem,
1816 4236 1926 4290 ridetur
1938 4237 2013 4288 etiam
2025 4251 2062 4286 su·

1252 4319 1335 4370 luisse
1353 4318 1441 4370 media
1466 4318 1498 4370 sd
1518 4317 1595 4370 illum
1615 4313 1697 4369 finem
1717 4316 1852 4373 ducentia.
1878 4337 1934 4389 arg.
1953 4319 1971 4372 t
1996 4313 2065 4384 usp

1251 4403 1388 4476 dejurisd.
1397 4405 1516 4458 Testatos
1527 4405 1599 4457 enirn
1613 4403 1676 4458 dum
1690 4406 1909 4472 rogatuotarium
1923 4406 1975 4459 sibi
1988 4403 2062 4458 scribi

1251 4500 1453 4554 testamentum,
1478 4491 1590 4544 insimul
1617 4507 1721 4559 rogasse
1742 4491 1849 4545 ridetur
1884 4505 1916 4546 ut
1939 4503 2019 4563 ponat
2036 4491 2061 4542 its

1253 4584 1409 4628 testamento
1433 4575 1559 4628 clausulas
1582 4591 1616 4628 ex
1639 4575 1775 4628 communi
1793 4595 1844 4630 usu
1865 4580 2018 4632 testantium
2039 4584 2062 4626 et

1251 4659 1424 4712 scribentium
1439 4660 1468 4710 in
1482 4659 1644 4712 testamentis
1655 4659 1777 4714 adbiberi
1790 4662 1899 4725 solitam
1914 4664 1969 4715 imo
1979 4660 2061 4714 omnia

1249 4744 1346 4812 scripta
1362 4753 1504 4796 censentur
1521 4741 1554 4797 de
1572 4745 1705 4798 voluntate
1722 4747 1793 4814 ejus,
1806 4748 1855 4816 qni
1875 4751 2006 4802 notarium
2027 4765 2062 4800 ro·

1248 4828 1327 4894 gasit.
1347 4825 1439 4896 Carpe.
1457 4827 1505 4880 lid.
1519 4839 1542 4882 s.
1554 4845 1626 4899 resp.
1641 4839 1665 4879 t.
1674 4846 1727 4897 per
1743 4840 1791 4884 tot.
1810 4830 1892 4886 Conl.
1905 4834 1951 4885 dn.
1967 4831 2060 4886 Praesi-

1250 4909 1294 4961 dis
1310 4909 1458 4976 disputatio
1471 4912 1503 4966 de
1515 4912 1642 4966 clausule
1655 4913 1810 4968 codicillari
1821 4927 1933 4970 careno
1949 4928 1972 4968 s.
1986 4927 2011 4968 et
2024 4927 2060 4966 st.

1248 4993 1278 5046 it.
1290 4993 1388 5063 disput.
1401 4994 1553 5048 detersam.
1571 4998 1772 5051 rusticanos.
1790 5017 1817 5052 ιι.
1836 5011 1882 5052 ιι.
1901 5013 1929 5054 et
1946 5017 2017 5072 seqq·
2034 5005 2060 5049 sti

1248 5089 1275 5130 et
1297 5079 1522 5150 jurisprudentiae
1545 5091 1652 5134 nostrae
1674 5082 1762 5134 lismen
1789 5082 2013 5138 Bronnemanuus
2035 5082 2059 5134 ia

1247 5163 1372 5216 consiliis
1390 5163 1548 5230 nuperrime
1564 5164 1645 5218 editis
1660 5165 1756 5218 consil.
1771 5175 1813 5218 at.
1833 5185 1861 5220 ιι.
1882 5181 1909 5220 s.
1927 5169 1974 5222 ubi
1993 5187 2018 5218 u.
2037 5179 2057 5217 r.

1247 5244 1302 5296 ait:
1323 5243 1438 5296 clausula
1462 5244 1628 5298 codicillaris
1650 5247 1781 5300 voluntate
1806 5253 1944 5302 testatoris
1964 5250 2059 5320 adjecta

1248 5329 1440 5396 praesumitur,
1458 5327 1566 5382 etiamsi
1583 5327 1614 5380 in
1636 5328 1756 5398 margine
1780 5338 1809 5384 et
1833 5331 1905 5386 forte
1925 5335 1979 5388 alio
1996 5347 2058 5386 atra·

1248 5423 1338 5466 mento
1355 5413 1453 5483 scripta
1473 5413 1633 5482 reperiatur.
1644 5414 1717 5483 Quae
1727 5431 1788 5467 cum
1806 5418 1840 5470 ita
1860 5419 1934 5482 sint,
1951 5435 2055 5488 quaein,

1247 5497 1271 5549 si
1290 5496 1410 5550 notarius
1425 5495 1562 5551 adhibitus
1580 5499 1646 5552 adeo
1664 5499 1807 5570 imperitus
1824 5515 1910 5570 esset,
1924 5517 1955 5558 ut
1966 5505 2054 5558 dictam

1246 5583 1387 5634 clausulam
1407 5582 1583 5635 codicillarem
1601 5583 1752 5648 omitteret,
1764 5597 1809 5639 aut
1827 5597 2012 5644 testamentum
2024 5593 2053 5640 tta

1247 5667 1387 5732 conderet,
1399 5679 1425 5722 ut
1436 5681 1495 5738 post
1514 5669 1648 5726 testatoris
1665 5680 1780 5724 mortem
1793 5689 1845 5726 uon
1859 5675 1979 5744 raleret,
1990 5691 2053 5730 snos
