4236 6258
351 319 385 373 99
935 301 1126 360 alsuarti,
1144 305 1181 360 il.
1200 304 1317 363 aliar
1334 307 1355 362 i
1880 323 1931 359 roo

290 398 330 452 vel
349 406 402 452 ιιιι
420 395 558 462 saifiscrs,
576 396 619 470 (t)
635 399 656 452 si
677 407 781 453 tautum
801 415 881 470 supet·
899 395 974 465 dote,
1000 410 1046 452 aut
1065 401 1109 471 (ι)
1161 401 1228 472 ptius
1255 401 1366 456 doaado
1386 399 1515 455 excedens
1539 399 1688 472 legitimans
1707 398 1892 472 quantitatem
1921 400 1986 455 actis

289 481 455 534 somessione
474 481 627 552 particulari
646 501 693 555 per
717 483 818 536 nudato
841 482 1015 537 donationem·
1038 486 1110 538 iuter
1159 484 1319 538 insinuantis
1336 494 1410 551 erut,
1430 494 1539 556 excepta
1557 503 1603 551 es,
1621 505 1689 557 quae
1708 487 1814 555 puellae
1828 484 1986 538 minat-sual

288 565 376 633 risos,
394 568 436 620 rei
452 585 499 638 pet
519 567 630 622 modum
643 578 795 622 contractus
815 577 887 640 pacta
907 569 975 621 inita
995 569 1108 634 luerint,
1159 569 1345 622 conterebatur
1362 569 1381 620 l.
1399 567 1554 624 minoribus
1576 581 1616 623 tt.
1637 571 1684 622 ubi
1699 569 1746 621 du.
1766 569 1874 621 Braun·
1904 584 1928 620 e.
1959 567 1991 620 de

292 667 322 704 os
341 651 417 720 lega,
437 661 467 704 ut
484 661 546 722 post
564 663 677 706 mortem
697 652 804 705 demtum
825 651 934 705 donatio
953 671 1031 706 sautu
1048 653 1111 708 etie-
1161 651 1257 705 donat.
1277 661 1334 706 ant·
1352 661 1426 721 nupt.
1444 653 1461 705 t.
1481 653 1529 705 ult.
1548 659 1570 715 ς.
1593 663 1616 705 t.
1635 669 1658 704 a·
1677 651 1711 704 dc
1725 651 1781 720 p'ur.
1801 653 1861 704 dot.
1875 650 1894 702 t.
1911 645 1990 720 tt.§.

289 743 363 787 ctum
381 733 471 788 sortiri
489 734 603 803 debeat,
621 753 680 806 arg.
698 736 717 792 l.
741 747 780 790 tt.
789 734 832 804 ff·
859 737 892 790 de
917 737 1005 792 testib.
1028 737 1113 791 tradit
1167 745 1189 789 t.
1207 753 1231 789 a.
1248 735 1281 788 de
1299 735 1394 788 donat.
1412 746 1504 805 postes
1521 753 1585 790 sero
1602 735 1737 800 obtinuit,
1757 741 1789 787 ut
1806 733 1902 787 omnis
1922 733 1989 785 iusi·

290 817 409 871 Baeticis.
425 828 498 889 part.
519 829 543 870 ι.
561 821 683 875 conclus.
710 833 752 874 tt.
776 820 809 873 de
831 830 906 888 pact.
930 821 988 874 dot.
1014 838 1042 872 n.
1071 829 1113 872 tt.
1163 819 1251 873 nuntio
1267 819 1429 881 abundaret,
1449 838 1511 874 noo.
1533 833 1590 874 ιιι.
1609 831 1670 874 ιι.
1689 820 1737 873 secl
1751 820 1873 874 umdent
1888 819 1986 873 consti·

288 901 379 955 liutto.
396 901 429 956 sti
453 901 633 971 Wesenbst.
651 903 771 972 depact.
789 904 844 956 dot.
865 923 893 956 n.
914 915 938 955 t.
957 903 1037 956 Coni.
1058 903 1111 956 Co·
1164 913 1251 956 tutum
1269 915 1321 968 est,
1340 913 1371 956 ut
1388 904 1513 958 saltone
1538 917 1612 976 parto
1637 904 1758 958 molieris
1784 903 1947 970 abundaret,
1970 922 1987 957 ι

292 987 411 1042 tbmaon.
429 986 488 1039 vol.
509 997 534 1038 ι.
551 1003 623 1054 resp.
650 998 693 1039 ιι.
721 1004 749 1039 ιι.
777 998 839 1041 ιιι.
864 986 1000 1040 Cantatum
1025 997 1114 1041 tamea
1163 987 1308 1058 prisnei
1327 1005 1387 1042 nero
1407 989 1556 1043 necessaria
1575 999 1658 1053 essct,
1679 1007 1741 1042 nor.
1765 998 1826 1040 ιιι.
1844 1007 1869 1042 e.
1892 999 1916 1040 ι.
1936 989 1986 1042 Dn-

289 1069 462 1122 abuntlaotem
480 1069 563 1120 etiarn
581 1067 626 1121 hic
644 1069 832 1122 commendare
855 1087 908 1122 non
935 1070 1045 1134 dubito,
1073 1082 1115 1124 tu·
1164 1069 1308 1125 Beuuoad
1325 1073 1400 1126 asab.
1425 1091 1457 1125 eo
1484 1073 1637 1126 deauretur.
1661 1091 1684 1126 c.
1710 1073 1744 1126 de
1766 1073 1869 1126 donat.
1898 1081 1988 1144 propt.

291 1155 347 1209 tius
364 1154 439 1208 caira
457 1153 607 1224 superflua,
625 1171 693 1222 qaae
709 1171 763 1208 uon
783 1167 895 1218 nocuit,
921 1154 1111 1222 admittantur,
1163 1165 1240 1224 nupt.
1257 1155 1328 1208 soal.
1347 1157 1434 1210 lioba.
1453 1157 1488 1208 ad
1506 1157 1637 1214 Wesenb.
1649 1155 1694 1227 ff
1710 1159 1743 1212 de
1758 1167 1835 1225 pact.
1849 1157 1908 1209 dot.
1923 1177 1950 1210 n.
1967 1166 1989 1210 t.

289 1257 369 1312 qttsm
388 1239 532 1292 necessmia
550 1238 580 1289 in
598 1237 901 1302 dubiooasittuolur,l.
918 1249 1113 1294 testamentum
1200 1240 1321 1310 lienique
1338 1242 1401 1295 Vll.
1421 1241 1578 1297 nubentium
1596 1242 1625 1295 in
1643 1243 1728 1313 pactis
1746 1239 1886 1295 dbtslibns
1914 1257 1991 1312 peso
2025 1229 2063 1275 ¹⁰⁵

296 1336 339 1378 ιι.
353 1340 377 1376 ι.
396 1323 429 1378 de
446 1332 555 1376 testam.
574 1320 594 1374 t.
617 1321 736 1376 creditor
749 1333 793 1374 ιι.
811 1327 832 1382 §.
855 1331 878 1372 t.
891 1337 963 1374 vers.
974 1321 1000 1374 ei
1012 1334 1111 1378 autem.
1163 1323 1291 1388 sentiam,
1311 1340 1375 1378 curn
1393 1337 1516 1397 tempore
1532 1329 1697 1396 sponsalium
1710 1325 1924 1396 jucundioribus
1937 1326 1991 1396 ple-

283 1407 326 1481 Ι.
344 1409 468 1464 mandat.
487 1407 558 1464 uait.
575 1407 723 1462 t.obs.tt.
742 1420 808 1460 ιιι.
824 1407 1071 1464 Card.Tusnh.rol.
1088 1423 1110 1463 t.
1162 1425 1274 1478 ruraque
1292 1411 1369 1464 rebus
1387 1412 1484 1468 intenti
1509 1415 1581 1467 nibil
1607 1415 1709 1478 suiuus,
1735 1433 1818 1485 qaam
1844 1413 1879 1468 tie
1906 1411 1991 1484 pactis

292 1495 333 1548 tn.
353 1493 475 1547 aconci-
498 1504 540 1546 ιι.
558 1510 584 1544 n.
610 1500 629 1542 t.
649 1499 677 1544 ιι
695 1491 790 1544 melius
809 1503 969 1562 supererunt
989 1493 1039 1545 isto
1060 1493 1111 1562 eis,
1161 1491 1311 1558 dotalibus,
1331 1497 1461 1567 cogitent,
1481 1500 1618 1553 abundare
1636 1499 1734 1554 ιιιιιὶι
1751 1499 1836 1553 Naar.
1858 1499 1893 1551 sd
1914 1501 1990 1552 Ζοιι.

289 1579 388 1650 quibus
405 1593 454 1632 noc
470 1577 583 1638 obsunt,
603 1592 652 1626 nec
670 1586 795 1646 prosunt,
814 1595 893 1646 quoto
919 1578 958 1631 eis
981 1577 1110 1643 deerant,
1160 1596 1185 1630 c.
1197 1577 1230 1630 de
1245 1590 1316 1648 pact.
1335 1595 1463 1636 corruent.
1479 1583 1519 1637 lit.
1538 1585 1562 1638 b.
1576 1601 1635 1638 cum
1647 1603 1700 1654 quo
1717 1583 1803 1655 quoad
1823 1583 1991 1636 insinnslio·

292 1662 389 1734 quibus
407 1671 531 1732 prosunt,
550 1678 573 1713 c.
593 1677 654 1713 nan
673 1659 849 1715 aestimemus
869 1673 910 1714 ιι.
924 1679 966 1732 pr.
979 1679 1053 1716 caus.
1071 1675 1111 1716 ιι.
1162 1679 1224 1714 aera
1243 1664 1346 1718 sentire
1365 1665 1472 1720 ridetur
1492 1667 1611 1720 Berlich.
1635 1678 1708 1737 part.
1729 1667 1865 1720 2.aonoi.
1896 1679 1939 1720 ιι.
1964 1683 1989 1720 ιι.

293 1756 397 1820 quaest.
416 1755 442 1796 ι.
461 1745 543 1798 vtot.
563 1743 598 1797 tle
614 1742 740 1796 Cambsn.
758 1753 836 1798 troct-
850 1745 937 1798 clauc.
949 1763 973 1800 c.
989 1758 1013 1798 ι.
1028 1745 1111 1816 incip.
1163 1757 1205 1798 ιι.
1223 1749 1290 1800 lure
1307 1751 1432 1803 saxonico
1445 1752 1573 1804 cantoris
1586 1753 1725 1806 incutitis
1736 1751 1767 1803 in
1781 1749 1992 1802 mulierositas·

292 1829 418 1884 alaiuula
436 1826 462 1880 ri
478 1836 504 1880 et
521 1826 551 1880 in
569 1835 704 1897 quantum
724 1825 842 1895 dejure.
860 1845 887 1878 ιι.
912 1839 933 1878 ι.
951 1845 1016 1898 pag.
1037 1838 1060 1878 t.
1081 1827 1110 1880 Si
1161 1825 1222 1894 dat,
1242 1829 1361 1884 Berlich.
1380 1834 1406 1886 d
1423 1851 1453 1906 p.
1474 1845 1499 1888 ι.
1516 1837 1634 1891 mactus·
1657 1847 1700 1890 ιι.
1717 1853 1745 1888 ιι.
1767 1845 1813 1888 ιι.
1835 1836 1907 1888 Dan.
1921 1835 1991 1888 Mol·

291 1919 447 1982 verapacis
466 1909 564 1963 dotaba
581 1909 648 1962 uotis
667 1908 803 1962 insinuata
817 1908 935 1971 tuerint,
950 1911 1111 1980 superfluum
1162 1913 1208 1965 let.
1225 1927 1347 1971 semestr.
1366 1918 1413 1972 lib.
1436 1933 1458 1972 t.
1477 1938 1500 1974 c.
1523 1930 1562 1973 ιι.
1582 1941 1610 1974 ιι.
1631 1931 1655 1972 ι.
1670 1919 1724 1972 nisi
1740 1929 1831 1990 tumen
1845 1919 1988 1972 ἀοιιιιιί·

292 2006 333 2056 ιιι
351 1995 484 2068 priuatum
504 1993 706 2058 testimouium
727 2011 786 2046 cum
806 1995 913 2063 publica
940 2003 1111 2048 motiuncula
1160 2005 1337 2052 malitiarum
1357 2001 1539 2056 immobilium
1558 2003 1734 2058 constituitur
1752 2003 1854 2072 Caepa-
1871 2019 1903 2069 p.
1922 2010 1947 2058 ι.
1965 2018 1988 2052 e.

290 2079 441 2146 sufficiant,
459 2079 477 2133 l.
498 2091 539 2132 ιι.
559 2097 582 2132 c.
601 2078 632 2131 de
650 2077 744 2130 donat.
765 2076 817 2130 Sed
835 2077 985 2147 quaeritur:
1011 2095 1045 2130 ιιι
1065 2078 1110 2130 hia
1162 2086 1203 2128 ιι.
1221 2078 1247 2130 d.
1271 2092 1310 2132 ιι.
1329 2101 1356 2134 ιι.
1377 2097 1401 2136 ι.
1421 2094 1448 2136 et
1465 2097 1484 2138 a
1507 2095 1549 2138 ts.
1567 2085 1594 2138 d.
1616 2097 1640 2138 ι.
1659 2085 1772 2140 Tantum
1792 2084 1828 2138 dc
1841 2082 1989 2138 contracti·

205 2183 255 2228 sot
290 2166 440 2222 iusiaustio
458 2160 606 2218 ιιιιιιιιίι
624 2161 681 2217 siti
699 2163 779 2216 Otito.
791 2161 906 2234 quidem.
925 2173 1035 2234 propter
1061 2181 1109 2217 aa·
1159 2158 1211 2214 bus
1229 2163 1277 2233 qui
1295 2182 1326 2220 re
1344 2163 1536 2238 ponficiaatur.

959 2397 1212 2470 CAPUT
1252 2401 1308 2470 ΙΙ.

628 2564 682 2630 Πι
704 2559 848 2630 cautelis
871 2554 1126 2628 abundantibus
1148 2559 1243 2625 circa
1266 2572 1462 2632 contractus
1485 2560 1659 2634 aer-botes.

533 2750 558 2802 S
577 2753 603 2804 tJ
619 2751 657 2802 tlt·
668 2749 703 2802 tr
718 2752 748 2803 A
766 2753 792 2804 rt
809 2753 829 2804 Ι
844 2753 873 2804 A
1167 2746 1320 2807 Clausula:
1332 2754 1411 2808 rebus
1424 2755 1466 2809 sic
1485 2756 1641 2820 stantibus,
1662 2771 1710 2824 pro
1729 2753 1898 2810 abundanti
1915 2763 1986 2810 caut.

870 2829 880 2840 ⁸
1199 2838 1372 2902 exprimitur·
1385 2857 1415 2892 ιι.
1431 2838 1474 2891 ι6.

297 2917 394 2976 Verbis
406 2917 581 2974 contrabitur
592 2913 729 2982 obligatio
747 2928 797 2970 aut
811 2916 923 2970 nomine
939 2918 1046 2986 proprio
1063 2930 1115 2973 aut
1162 2923 1451 2993 liecensemarptures
1463 2925 1543 2980 atine
1554 2923 1711 2989 clausulae,
1724 2939 1846 2994 pisarum
1858 2921 1988 2994 expressio

331 3005 438 3057 alieno.
450 3021 487 3056 n..
499 3019 522 3052 t.
1199 3005 1332 3060 abundat.
1346 3026 1374 3061 n.
1391 3023 1435 3076 27·
1450 3024 1513 3082 seq.v

296 3089 344 3141 An
358 3097 515 3140 contractus
526 3083 712 3154 stipulationis
724 3082 762 3135 sit
773 3083 927 3152 superfluus
939 3083 954 3136 i
966 3102 995 3137 n.
1009 3097 1036 3134 ι.
1054 3101 1111 3154 sep.
1166 3087 1285 3160 Quando
1296 3081 1429 3159 abundet,
1441 3106 1471 3146 ut
1485 3111 1575 3151 seruus
1595 3093 1647 3146 uni
1666 3111 1703 3150 eu
1719 3091 1851 3161 pluribus
1871 3089 1986 3147 dominic

297 3168 448 3226 Verborum
467 3169 629 3224 solemnitas
647 3166 728 3220 bodie
741 3163 869 3221 abundat
881 3165 910 3219 in
922 3167 1111 3235 stipulatione.
1197 3177 1359 3228 nominatim
1372 3178 1519 3246 stipuletur
1533 3179 1547 3230 ?
1560 3196 1591 3230 η.
1607 3191 1650 3247 ²9·

331 3273 360 3308 n.
382 3255 408 3320 4.
473 3301 476 3304 .
1163 3259 1195 3312 Si
1204 3273 1296 3314 seruies
1306 3259 1431 3316 omnibus
1442 3263 1527 3315 simul
1537 3261 1668 3332 stipulari
1674 3261 1876 3330 ,debeatcaun
1887 3261 1931 3315 ab.
1941 3270 1985 3325 est,

295 3338 344 3390 An
358 3333 490 3407 obligatio
505 3333 701 3404 impersonatts
714 3349 883 3403 supervacua
896 3335 959 3390 sit?
970 3354 1000 3390 ιι.
1013 3337 1040 3390 5.
1198 3355 1229 3394 ut
1240 3361 1283 3398 eos
1295 3346 1428 3400 nominet.
1444 3365 1475 3398 n.
1491 3345 1545 3396 30..

297 3423 417 3477 cautela
434 3420 583 3475 abundans
602 3432 658 3485 est,
678 3425 707 3472 ut
726 3419 892 3486 stipulantes
908 3421 1002 3474 eadem
1014 3421 1113 3491 lingua
1164 3426 1310 3482 Clausala.-
1322 3429 1381 3482 Febr
1394 3430 1483 3496 micis,
1496 3431 1587 3485 meina
1597 3430 1709 3498 Erben,
1723 3431 1783 3485 und
1796 3431 1980 3495 Erbnebmeo,

332 3518 456 3560 utantur.
470 3525 500 3558 ιι.
515 3503 541 3557 6.
638 3565 642 3570 ,
1198 3509 1335 3565 abundat.
1350 3533 1379 3567 n.
1397 3513 1444 3566 5ι.

292 3594 355 3649 Non
369 3605 479 3646 necesse
493 3602 551 3658 est,
563 3601 593 3644 ut
610 3592 718 3644 notarii
735 3591 868 3646 terminos
888 3590 993 3645 latinos
1005 3608 1113 3662 germa-
1166 3592 1287 3662 Quando
1296 3595 1443 3652 ttaeredum
1456 3597 1562 3652 mentio
1575 3597 1682 3668 aliquid
1691 3600 1843 3666 operetur?
1857 3597 1900 3649 32.
1914 3613 1982 3667 sepa·

331 3681 393 3732 nice
406 3678 573 3747 exprimant.
589 3695 617 3728 ιι.
634 3694 658 3746 p.
954 3727 957 3734 .
1162 3682 1210 3734 An
1230 3681 1260 3738 in
1273 3683 1344 3736 anni
1357 3681 1537 3750 stipulatione
1550 3677 1701 3735 haeredum
1721 3681 1828 3736 mentio
1845 3678 1986 3736 abundet?

297 3761 417 3816 Cautela
429 3755 580 3814 abundant
595 3773 650 3825 est,
664 3760 694 3812 in
708 3761 890 3830 instrumento
904 3759 1031 3830 exprimi,
1044 3759 1116 3832 quod
1199 3783 1227 3818 ιι.
1249 3765 1293 3838 39.

332 3848 404 3900 atter
414 3843 562 3914 stipulatus
566 3844 670 3915 juen't,
680 3845 756 3898 alter
764 3845 931 3912 promiserit.
946 3863 975 3898 n.
990 3842 1017 3897 8.
1163 3848 1211 3900 An
1225 3851 1358 3915 abundet,
1370 3851 1435 3906 duas
1447 3865 1506 3903 reas
1511 3843 1727 3920 promittendiin
1735 3849 1855 3905 solidum
1866 3865 1983 3919 expresse

296 3929 381 3982 Jacns
394 3933 419 3981 et
432 3921 519 3984 uerba
527 3928 722 3984 reuerentialia
735 3949 745 3995 ι
757 3930 988 3997 complimentea)
1001 3947 1055 3982 non
1069 3925 1114 3981 ab·
1199 3933 1343 4002 obligari?
1355 3954 1384 3988 ιι.
1400 3933 1444 3998 4ο.
1457 3949 1515 4004 seq.

331 4013 429 4082 ligant.
444 4029 477 4064 n.
491 4029 582 4082 μιᾳ.
701 4077 704 4084 .
876 4041 879 4046 ·
1163 4013 1648 4090 Doticlausulafrepuentissimin
1663 4014 1863 4073 instrumentis.
1878 4033 1908 4070 ιι.
1922 4015 1964 4078 4ι.

297 4096 453 4150 Clausulas
475 4093 534 4147 Mis·
556 4090 616 4148 und
643 4093 753 4150 meineri
776 4091 875 4151 Erben
901 4093 1112 4153 unscbaedlicltt
1165 4101 1214 4154 An
1228 4100 1297 4154 baec
1307 4101 1435 4154 clausula
1449 4095 1635 4153 abundatia.
1652 4097 1697 4162 43.
1712 4117 1767 4170 sep.

329 4179 467 4237 abundat.
480 4201 508 4234 ιι.
525 4199 567 4232 ιι.
1165 4185 1214 4238 An
1223 4201 1271 4254 per
1282 4181 1344 4238 doli
1360 4187 1516 4238 clausulam
1534 4181 1666 4252 beneficio
1683 4185 1857 4240 excussionis
1880 4198 1976 4236 renun-

299 4267 445 4321 Ciausula.
457 4268 508 4322 mit
519 4264 766 4339 Hand-gegebener
778 4270 859 4324 Treut
873 4267 1012 4325 abundat·
1025 4291 1052 4325 rt.
1071 4285 1112 4323 ιι.
1199 4271 1313 4324 cietur?
1325 4287 1354 4322 ιι.
1371 4268 1415 4332 45.

298 4351 416 4404 Cautela
434 4347 540 4406 abund.
554 4365 609 4415 est,
623 4353 654 4404 in
672 4351 892 4423 praefationibus
907 4355 1064 4426 praemisso
1082 4356 1113 4408 in
1165 4357 1363 4426 Supervacuum
1387 4357 1440 4418 est,
1457 4361 1488 4403 ιιι
1504 4351 1525 4404 ii
1547 4347 1740 4422 fidejubeant,
1765 4352 1815 4420 qui
1829 4348 1979 4425 fidejubere

329 4435 507 4506 stipulatione
521 4437 611 4507 repeti.
626 4453 656 4489 n.
673 4435 715 4489 13.
1195 4438 1380 4508 probibentur.
1394 4455 1424 4490 n.
1440 4433 1485 4500 46.
1498 4453 1556 4506 sea:

295 4519 358 4572 Non
372 4535 481 4573 necesse
495 4531 550 4586 est,
563 4536 614 4586 ea,
625 4539 696 4591 quae
709 4520 738 4574 ln
751 4521 929 4589 stipulatione
947 4522 1115 4594 conjunctim
1163 4523 1213 4576 An
1225 4521 1277 4576 sati
1295 4520 1426 4592 rellejani
1444 4519 1618 4576 renunciatio
1627 4534 1801 4589 superuacua
1812 4519 1873 4574 sit?
1885 4536 1913 4569 ιι.
1937 4513 1979 4579 tb-

330 4602 754 4674 veniunt,separotimeaprimi
779 4623 809 4657 n.
825 4605 866 4670 ι4.
1199 4623 1274 4677 seqq.

295 4684 434 4742 Abundat
447 4689 640 4758 proprietatem
652 4696 678 4744 et
691 4691 892 4762 usumfructum
901 4691 993 4763 jiendi
1009 4695 1114 4763 specia-
1168 4688 1277 4756 Quoties
1286 4688 1428 4744 satolocur
1440 4705 1494 4741 non
1509 4697 1560 4753 est,
1574 4685 1649 4740 toties
1662 4704 1698 4740 aa
1718 4681 1877 4742 abundanti
1893 4678 1979 4736 etam

329 4775 379 4826 tim
390 4775 533 4842 stipulari.
547 4792 576 4827 n.
596 4775 636 4829 15.
1199 4773 1390 4828 renunciatur.
1404 4791 1433 4824 n.
1449 4771 1494 4824 53.

293 4860 333 4910 Jn
350 4858 530 4928 stipulatione
546 4857 685 4926 abutatur,
710 4875 770 4912 rem
785 4857 915 4929 aliquam
933 4861 1111 4920 intercedere.
1169 4857 1247 4914 Unde
1260 4869 1374 4911 nomiae
1382 4873 1455 4911 error
1467 4855 1634 4908 notariorum
1658 4853 1868 4908 nonnullorum·
1888 4869 1916 4904 n.
1936 4847 1976 4912 ii·

331 4959 360 4993 n.
378 4939 419 4993 16.
1165 4942 1283 4996 Habitus
1292 4957 1407 5011 praecep
1417 4942 1437 4994 ἰ
1447 4941 1645 5009 privationem.
1660 4957 1688 4991 n.
1703 4940 1747 4992 55.

296 5028 343 5079 Aa
357 5042 553 5093 superuacuum
565 5025 616 5088 sit,
628 5041 672 5078 res
683 5027 837 5095 promissas
846 5067 856 5094 ,
867 5047 938 5100 quae
951 5032 1054 5102 periere
1067 5051 1115 5101 pe·
1163 5026 1211 5078 An
1224 5023 1382 5094 informatio
1394 5023 1515 5078 mulieris
1527 5021 1560 5075 de
1572 5019 1689 5091 benefic.
1704 5020 1765 5076 Scti
1784 5017 1920 5091 vellejani
1932 5015 1976 5071 ab·

331 5115 387 5162 tere
398 5109 413 5161 ?
425 5127 452 5160 ιι.
472 5125 512 5180 tp.
1199 5107 1307 5161 undet?
1321 5125 1349 5160 n.
1365 5105 1409 5160 56.

294 5192 492 5264 stipulationes
508 5195 624 5247 inutiles
632 5190 692 5249 dici
696 5203 811 5264 possunt
821 5211 1054 5267 superuacuam.
1071 5196 1112 5252 sti.
1169 5191 1241 5258 (inid
1251 5192 1281 5244 in
1291 5191 1388 5260 jurata
1399 5187 1610 5246 renunciatione
1616 5187 1691 5258 juris
1700 5188 1761 5244 sit?
1773 5209 1802 5243 n.
1817 5190 1861 5260 57.

292 5277 539 5346 Stipulationibus,
553 5297 624 5348 puae
636 5291 739 5332 certam
748 5279 874 5350 Jirrrnarn
893 5277 1011 5350 lrabeat,
1031 5282 1113 5348 addi,
1167 5275 1333 5331 Certioratio
1343 5271 1510 5337 regulariter
1516 5287 1567 5340 per
1575 5271 1712 5323 notarium
1709 5266 1874 5342 fieridebel.
1888 5284 1914 5318 ιι.
1929 5261 1970 5314 58-

331 5363 373 5418 ut
386 5357 494 5415 tietrabi
506 5363 576 5437 nibil
586 5375 685 5432 potest.
702 5380 732 5415 ιι.
751 5381 791 5434 ¹9·
1163 5361 1210 5412 An
1224 5359 1337 5412 assertio
1347 5355 1450 5410 notarii
1462 5354 1494 5408 de
1506 5353 1697 5409 certioratione
1710 5353 1852 5408 abundet?
1864 5369 1892 5404 n.
1906 5347 1948 5417 59·

298 5445 415 5516 Quando
425 5445 567 5517 superflua
580 5443 703 5517 adjectio
714 5447 744 5500 in
754 5447 930 5520 responsione
943 5447 1033 5504 ιιιίιιιιι
1047 5456 1115 5519 opta
1163 5448 1363 5510 Supervacuum
1376 5452 1426 5505 eet,
1436 5439 1495 5494 utti
1508 5437 1674 5509 aaejussons
1685 5435 1768 5496 dent.
1783 5432 1909 5512 quietare
1920 5444 1971 5484 non

332 5531 432 5588 vitiet?
444 5551 473 5584 n·
488 5544 534 5582 ιο.
1199 5541 1340 5600 coguntur.
1355 5545 1384 5580 n.
1398 5523 1442 5580 iio.
1454 5541 1528 5596 seqq.
1954 5595 1961 5610 .

293 5617 353 5670 Pro
365 5616 424 5669 alio
434 5613 565 5688 stipulari
575 5628 771 5686 suparatuunt
782 5627 834 5674 ast.
846 5633 875 5670 n.
888 5629 934 5669 ιι.
1164 5617 1211 5668 An
1223 5625 1344 5683 pactum.
1356 5624 1387 5665 ut
1398 5610 1554 5681 fidejussore
1567 5606 1873 5668 mortuodebitoratiunt
1883 5597 1970 5657 substr-

303 5702 381 5770 (luod
391 5703 472 5760 timit·
488 5721 516 5756 n.
531 5715 576 5756 ιι.
588 5717 664 5772 seqq.
1200 5711 1272 5768 taut,
1283 5711 1482 5769 supervacuum
1493 5695 1530 5749 rit
1546 5694 1563 5748 i
1574 5711 1606 5748 ιι.
1615 5691 1662 5747 65.
