4338 6240
348 259 398 332 ss,
909 263 1100 322 arssursr.
1119 266 1165 324 rx.
1183 265 1301 324 cucur
1316 272 1351 325 v.
1866 269 1918 335 itt

203 368 236 414 tt
275 359 353 432 Quod
373 357 397 412 si
412 355 521 414 debitor
539 355 626 412 iscrrc
648 355 809 428 neglexerit,
834 367 862 414 sl
886 360 954 415 sltcr
978 363 1012 415 de
1030 381 1098 417 noso
1151 363 1287 430 impensos
1305 363 1413 437 speciali
1440 365 1618 438 disputatione
1634 366 1817 429 exhibiturus,
1837 366 1915 419 morlo
1932 367 1973 422 si·

272 443 403 514 pt'tnltlcsl
419 441 545 497 lucillum
565 436 674 506 fillum»
700 452 725 495 tl
743 442 838 496 litium
858 443 1018 496 ”lttlltsswl
1034 445 1097 497 cxl·
1150 460 1201 504 lum
1222 451 1291 503 mibi
1310 453 1430 520 siresrpue
1448 453 1609 506 concesserit
1630 453 1715 513 Duas,
1728 453 1769 504 cui
1789 451 1899 504 iuterim
1921 469 1973 520 pro

270 542 324 604 gut,
339 531 409 581 lucus
428 527 482 580 crit
500 528 649 593 juramento
667 525 707 578 sel
722 525 894 594 productioni
908 531 1024 592 testium,
1037 531 1096 600 qui·
1148 537 1359 590 clsnseutissimu
1383 537 1535 591 studium
1560 537 1709 590 dimsloue
1733 535 1832 604 guil„
1853 551 1903 604 ⁸⁸⁰
1921 535 1974 588 im.

269 612 320 674 bus
339 612 363 666 si
384 611 500 664 intentio
518 607 660 667 creditoris
681 608 763 663 suerit
780 609 847 664 elisa
861 649 869 677 ,
882 621 992 683 psopter
1005 614 1094 666 dolum
1154 623 1288 675 murales,

274 695 447 758 ΦΝΠΙῙΜΝ
468 695 578 764 impii*
589 692 816 762 critpnuicndus.
1183 705 1323 766 munitm,
1343 690 1426 765 ntes,
1439 703 1517 768 tulis,
1538 705 1630 767 ullis,
1649 703 1762 767 tullium,
1789 719 1866 756 voces
1891 703 1973 758 ouius

201 797 232 842 ss
307 783 411 840 Ultimo
429 782 486 834 luco
504 781 662 843 nolendum,
679 778 749 850 qrsod
765 777 1096 849 bucilliflssirsgulsriter
1145 786 1317 856 obiectumque
1340 788 1475 856 originis,
1501 805 1568 858 qaue
1586 789 1686 842 nostris
1706 799 1833 842 tesseram
1854 789 1974 856 ligneam

269 874 362 928 saltem
382 871 486 941 possint
503 866 614 939 pmduci
633 869 680 922 lits
697 875 856 928 contestata,
873 867 954 921 etism
969 878 1028 938 post
1045 886 1094 938 pu·
1146 867 1301 939 significent
1320 871 1348 926 iu
1366 872 1429 924 duas
1447 871 1659 943 pusteslisssrn,
1681 873 1709 925 in
1728 889 1839 941 primum
1858 885 1973 942 utruque
2050 915 2054 920 .

267 957 439 1014 blicutionem
459 953 657 1013 monatianum
676 969 759 1021 usqne
775 953 808 1004 sd
823 955 1021 1008 conclusionem
1035 973 1095 1008 cau·
1143 955 1263 1010 debitum
1283 955 1434 1008 continetur
1456 959 1644 1010 trsnsserssris
1660 957 1771 1026 quadem
1790 973 1895 1010 caesura
1918 961 1971 1012 de·

269 1061 314 1100 m
330 1050 388 1096 et.
401 1059 430 1096 κ.
444 1039 533 1102 defid.
548 1040 664 1096 instrum
678 1036 749 1092 Gsil
773 1047 794 1090 t.
808 1038 864 1092 obs.
878 1051 938 1092 tut.
951 1049 1016 1090 ml.
1031 1056 1093 1094 nam
1147 1049 1290 1104 notulam,
1308 1042 1387 1094 alters
1407 1058 1487 1111 penes
1505 1053 1649 1110 emptorem
1670 1043 1709 1094 sel
1726 1042 1890 1107 debitorem,
1903 1045 1973 1097 alte-

266 1145 330 1190 sutc
353 1135 430 1189 litem
454 1143 625 1188 contestatam
649 1131 712 1184 illos
738 1127 883 1200 producere
900 1140 951 1177 uon
972 1125 1035 1176 licet
1060 1121 1093 1174 ad
1145 1139 1173 1174 rs
1199 1139 1280 1192 penos
1302 1123 1467 1176 renditcrcm
1494 1125 1533 1177 rel
1551 1123 1710 1177 eruditorem
1730 1135 1899 1178 renrunente:
1922 1143 1969 1179 uo·

268 1219 337 1284 boc,
357 1230 384 1273 ut
401 1235 482 1290 super
500 1219 535 1270 iis
553 1225 740 1286 supernantur,
759 1224 787 1268 et
810 1209 953 1265 definitive
971 1227 1091 1280 pronun·
1143 1208 1209 1260 stris
1227 1208 1303 1276 sumn
1320 1207 1428 1265 tritior.
1448 1211 1521 1273 Quae
1537 1209 1645 1279 quidem
1663 1225 1737 1260 seces
1756 1229 1769 1261 a
1789 1209 1873 1262 latins
1892 1209 1971 1262 tolca

266 1307 361 1362 cietur.
387 1307 435 1362 Est
458 1305 530 1359 enirn
555 1301 699 1374 productio
718 1301 979 1358 instrumentorum,
998 1305 1025 1347 ct
1044 1311 1091 1366 per
1143 1302 1171 1346 et
1188 1293 1258 1346 tolio
1282 1290 1456 1346 deducantur.
1475 1293 1539 1347 vit.
1557 1293 1644 1346 Carol.
1662 1294 1697 1345 du
1716 1294 1816 1347 Fmsne
1834 1295 1864 1346 iu
1885 1294 1970 1348 Glor-

268 1409 432 1463 conseqneus
450 1391 531 1444 etism
552 1388 708 1441 bucilletum
727 1383 867 1448 fissorum,
886 1399 947 1454 psrs
964 1382 1092 1451 qrsaedsm
1140 1394 1197 1433 scr·
1217 1375 1287 1430 med.
1305 1385 1332 1431 et
1348 1377 1437 1450 infim.
1454 1379 1553 1431 latinii.
1571 1388 1636 1430 tom.
1657 1389 1681 1430 t.
1699 1393 1760 1432 voc.
1775 1377 1862 1429 ruico.

267 1487 295 1530 st
319 1477 475 1546 requisitum
500 1472 666 1546 probationis
712 1487 781 1542 quse
805 1479 866 1540 post
890 1469 966 1522 litem
984 1465 1091 1516 demum
1179 1463 1279 1527 Tullia,
1299 1466 1454 1533 praestatio,
1469 1482 1536 1534 quse
1547 1462 1665 1516 dominis
1680 1460 1906 1516 litateueutibus
1921 1479 1969 1516 sen

268 1571 444 1615 contestatam
462 1555 524 1612 lieri
543 1558 637 1621 debet,
656 1557 752 1627 Cssps.
768 1567 839 1624 port.
863 1565 887 1607 t.
910 1573 933 1608 c.
961 1563 1003 1604 tt.
1026 1553 1091 1605 ris.
1141 1549 1275 1613 sasmltis,
1290 1551 1323 1601 io
1343 1549 1424 1602 certis
1442 1567 1535 1602 sorum
1554 1547 1772 1609 necessitatibus,
1792 1548 1891 1600 nostris
1906 1547 1967 1598 sut·

266 1647 463 1716 Nonnunquam
481 1655 569 1698 tsmen
588 1645 669 1697 etism
688 1653 749 1712 post
765 1641 962 1695 conclusionem
981 1635 1091 1708 produci
1115 1671 1117 1678 ,
1142 1647 1174 1699 go
1190 1631 1282 1684 tuille:
1301 1633 1340 1684 sic
1358 1630 1427 1685 diets
1445 1649 1459 1683 s
1479 1630 1559 1685 taleis
1577 1647 1623 1683 seu
1642 1630 1725 1695 taliis,
1745 1629 1895 1699 dequibus
1915 1647 1961 1682 sn·

266 1748 344 1802 posse
363 1737 475 1782 tcststur
491 1745 526 1780 ex
544 1727 685 1781 Menocbio
705 1735 730 1776 t.
749 1744 775 1777 o.
796 1743 819 1778 c.
838 1737 861 1776 t.
885 1743 930 1794 qu,
957 1731 1016 1774 tlt.
1038 1721 1089 1772 Du.
1141 1731 1204 1786 prs,
1224 1716 1273 1768 boc
1290 1725 1332 1768 est
1355 1716 1490 1768 laterculus
1514 1715 1630 1782 ligneis,
1650 1731 1679 1766 ιιι
1700 1715 1798 1783 quibus
1816 1713 1961 1780 caesuris,
2034 1729 2037 1740 ·

270 1817 359 1868 Strus.
377 1831 421 1866 erc.
436 1823 478 1864 tt.
497 1811 532 1864 rt.
554 1823 596 1863 st.
616 1811 640 1864 si
659 1827 755 1881 nempe
774 1809 879 1862 acriter
898 1809 954 1862 siut
973 1819 1089 1878 reperta,
1143 1799 1256 1852 subinde
1279 1801 1382 1869 aliquot
1407 1799 1552 1852 solutiones
1576 1799 1765 1859 curabatur,
1790 1805 1866 1868 purte
1883 1799 1966 1851 altera

303 1899 339 1952 Ει
358 1901 422 1952 taso
440 1907 518 1963 suot,
536 1912 604 1967 quse
624 1896 658 1948 de
670 1893 777 1948 moterlo
792 1894 949 1945 bruttiorum
964 1888 1088 1946 fissorum
1139 1901 1220 1956 peaes
1237 1885 1393 1949 dominum,
1410 1884 1490 1937 sites·
1510 1899 1591 1954 penes
1610 1894 1757 1942 tenentem.
1770 1881 1813 1934 cui
1829 1883 1886 1932 vice
1900 1897 1966 1948 spo·

265 1983 379 2036 dimi.
397 1981 488 2047 sum,
506 1997 586 2052 pitto!
604 1997 670 2049 qum
687 1979 773 2032 adhuc
793 1979 904 2050 reliqua,
918 1989 1043 2050 poterunt
1056 1995 1100 2031 ex¹
1138 1970 1202 2024 chae
1220 1978 1298 2033 eni,
1320 1977 1495 2034 remanente,
1514 1967 1597 2022 Ctt'ol.
1621 1965 1657 2020 dn
1681 1966 1786 2020 Frento
1808 1963 1835 2016 ri.
1861 1963 1880 2016 l.
1901 1981 1963 2018 000·

265 2067 379 2124 materia
398 2068 636 2120 instrumentorum
655 2063 758 2118 hauriri
776 2073 804 2117 ct
820 2063 927 2116 bacillis
946 2059 1019 2116 lissis
1033 2077 1089 2115 cer·
1140 2053 1226 2108 tatia.

263 2163 292 2208 ss
309 2153 415 2206 ratione
431 2148 637 2205 accommodsri.
656 2150 771 2204 Veniam
791 2157 878 2201 tamea
897 2155 1007 2218 expecto
1026 2144 1051 2197 b.
1071 2146 1088 2197 l.
1174 2139 1216 2191 Dc
1234 2136 1342 2190 bacillis
1360 2131 1433 2188 fissis
1451 2145 1479 2189 et
1495 2133 1597 2189 cbsrtis
1615 2133 1712 2188 incisis
1729 2133 1791 2187 side
1802 2148 1870 2202 quoe
1882 2131 1967 2187 bsbct

266 2239 291 2292 si
309 2237 339 2289 iu
358 2233 491 2306 praesenti
510 2235 621 2288 materia
643 2231 737 2286 officio
763 2251 821 2287 meo
837 2249 870 2286 ex
889 2243 950 2286 voro
969 2240 1014 2284 ruo
1033 2248 1087 2284 uon
1139 2224 1184 2276 du.
1204 2220 1364 2276 Dietlser.in
1377 2221 1437 2274 ord.
1454 2235 1521 2272 nost.
1532 2219 1665 2272 liceretur.
1678 2219 1740 2272 sive
1753 2219 1966 2272 continuatione

265 2321 367 2375 fuerim
386 2321 538 2374 defunctus:
556 2318 626 2382 ieri,
643 2329 775 2389 quantum
794 2320 821 2370 lu
841 2316 929 2370 sterili
949 2315 1023 2368 licuit
1035 2332 1087 2366 suo·
1116 2359 1117 2362 ,
1139 2307 1252 2363 Beseldi
1266 2307 1318 2360 sui
1330 2323 1392 2358 voc.
1404 2303 1639 2375 surgesclsnittenc
1656 2305 1725 2358 oder
1742 2301 1913 2372 Kerffaettel.
1931 2309 1961 2353 ct
2036 2325 2040 2332 ·

265 2407 406 2472 teris,cul
424 2405 448 2458 si
467 2403 671 2458 foecundissimi
697 2403 816 2456 silicolus
833 2403 870 2457 tui
889 2401 1031 2454 secesserit
1048 2399 1088 2452 iu·
1137 2392 1187 2449 sub
1204 2407 1259 2449 soc.
1276 2390 1478 2446 Raetiarum.

266 2509 330 2559 sor,
348 2491 429 2544 iscils
445 2486 648 2552 emndsbitar,
664 2487 791 2559 quiequid
810 2504 843 2541 ex
862 2487 1007 2540 sterilitate
1025 2501 1087 2537 con·

265 2587 379 2633 suetum
396 2572 468 2629 vitii.
485 2573 607 2630 Pcnssbo
624 2589 673 2643 ego
691 2572 928 2644 propensissimum
954 2569 1024 2620 bunc
1041 2567 1087 2619 sd·

265 2661 369 2716 tecum
388 2658 499 2716 materia
515 2657 582 2716 loric
599 2658 711 2732 gratiori
728 2665 851 2730 sumptus
867 2651 978 2726 pietatis
1001 2666 1087 2706 caneo
1459 2641 1513 2696 Pl
1531 2639 1556 2695 ll
1574 2643 1588 2695 1
1607 2643 1636 2698 S.

836 2873 1170 2962 ntsPUl'nrlo
1195 2871 1406 2952 DECIMA

534 3075 636 3190 nu
689 3065 948 3191 suntin
999 3061 1197 3180 tttttu
1250 3051 1696 3174 ttntntttrtue

805 3302 859 3344 mit
884 3297 978 3342 mli.
1002 3295 1072 3340 tull.
1096 3291 1126 3336 Δ.
1152 3289 1185 3333 0.
1210 3287 1241 3330 l·
1265 3284 1436 3330 uncum.

921 3447 1315 3502 astruuntur!

640 3595 937 3673 ANTONIO
984 3587 1252 3662 ElillEST.
1299 3579 1595 3652 CLIVENS.

838 3765 1397 3814 ...W-

931 3917 1303 4016 resceperunt

271 4163 419 4300 Ardua
445 4244 496 4288 res
520 4227 589 4298 esi,
614 4217 702 4282 inter
725 4213 876 4281 immines
898 4205 1062 4279 eminere,
1091 4197 1198 4285 major
1231 4189 1345 4258 iisdem
1380 4211 1539 4277 proeesse.
1563 4187 1664 4254 Omni
1689 4187 1780 4252 enim
1814 4187 1953 4254 animali

268 4315 402 4389 facilius
426 4309 628 4400 imperabis,
652 4329 755 4394 quam
781 4299 921 4366 homiui.
947 4297 1074 4382 liegerc
1097 4283 1220 4353 animal
1246 4295 1309 4347 lam
1336 4282 1479 4359 varium,
1497 4295 1562 4346 tam
1580 4278 1776 4366 multiplex,
1794 4291 1858 4344 tam
1878 4302 1955 4368 per.

270 4409 367 4471 tiuos
392 4399 594 4492 periculosae
619 4395 757 4486 plenum
779 4413 863 4480 opus
887 4399 934 4454 est
959 4383 1066 4462 oleae,
1091 4377 1227 4468 plenum
1253 4371 1384 4438 laboris.
1410 4369 1479 4434 lluc
1503 4383 1632 4448 tanuen,
1651 4385 1690 4434 ut
1706 4366 1957 4450 feliciuslicret,

270 4491 448 4585 splendore
472 4487 620 4581 quodam
642 4499 746 4575 atquc
768 4477 996 4572 singularibus
1020 4464 1257 4560 praerogativis
1290 4485 1308 4526 s
1343 4460 1415 4526 Deo
1440 4460 1611 4539 instructi,
1643 4471 1676 4523 et
1707 4457 1959 4548 quodammodo

270 4583 395 4652 miseriti
422 4597 502 4646 snut
525 4577 709 4670 principes,
739 4573 935 4638 auctoritate
959 4585 1095 4650 nempe,
1120 4555 1299 4646 dignitate,
1323 4550 1569 4641 magnitudine,
1594 4549 1798 4628 eminentia,
1828 4566 1959 4638 utrque,

271 4687 312 4742 ut
337 4672 438 4740 serbo
463 4667 661 4760 complectar
687 4663 809 4744 multa,
833 4663 1013 4749 majestate.
1038 4651 1165 4738 Nempe
1189 4640 1467 4735 quemadmodum
1493 4642 1584 4708 Deos
1607 4641 1641 4703 iu
1665 4639 1755 4703 coelo
1773 4641 1957 4730 pulonem-i.

272 4787 363 4832 mum
387 4763 438 4830 sui
464 4761 572 4852 ipsius
595 4759 807 4824 simulacrum
831 4750 950 4828 solem,
975 4746 1057 4810 mira
1083 4735 1225 4831 quadarn
1251 4732 1435 4824 splendoris
1459 4729 1683 4822 praerogativa
1709 4727 1827 4796 beavit.
1845 4730 1902 4795 Sic
1920 4733 1957 4796 iu

271 4877 343 4946 rep.
370 4853 483 4920 lumen
509 4849 594 4918 illud
618 4867 719 4941 atque
744 4845 922 4933 imaginem
949 4836 1000 4902 sui
1027 4831 1236 4923 principem
1259 4847 1363 4914 quare
1388 4835 1423 4886 ut
1447 4823 1494 4889 sul
1519 4823 1606 4886 inter
1628 4835 1732 4883 astra:
1756 4822 1803 4886 sic
1828 4823 1957 4910 princi.

273 4957 372 5038 patus
396 4947 486 5010 inter
511 4941 661 5006 homiues
695 4963 744 5005 res
777 4953 825 5001 est
858 4925 1135 5021 splendidissima.
1170 4917 1231 4983 llle
1263 4915 1408 4982 siderum
1443 4913 1595 5002 princeps
1626 4907 1789 4976 citissimo
1819 4910 1959 5001 jrrbrsre3

276 5036 428 5126 princeps
452 5031 631 5122 mejestatis
657 5029 785 5120 fulgure
808 5024 930 5103 radiat,
956 5017 1012 5084 ille
1036 5013 1151 5081 caloris
1175 5009 1247 5074 icus
1270 5005 1486 5072 inexhaustus
1509 5000 1736 5066 indesinenter
1759 5002 1957 5092 circumagi.

274 5135 348 5210 lnr3
372 5127 425 5192 lsic
447 5121 622 5215 dignitatis
645 5120 754 5184 omnis
777 5117 885 5205 origo,
911 5131 1018 5198 remp.
1044 5127 1159 5194 magua
1186 5121 1262 5190 prae
1285 5095 1425 5186 reliquis
1450 5092 1629 5160 eminentia
1653 5103 1761 5156 suaet
1781 5089 1956 5184 vigilantia

275 5227 389 5281 luetur
411 5212 585 5304 perpetim.
613 5209 672 5275 llle
696 5206 796 5274 radiis
819 5205 890 5270 suis
911 5201 1079 5266 collustrat
1095 5193 1224 5276 ornnia5
1244 5189 1295 5254 liic
1311 5184 1484 5275 splendore
1511 5175 1957 5268 majestatis,velu1„umpn

276 5301 463 5382 erasnidum,
485 5299 645 5368 omnibns
661 5297 753 5366 adest
766 5315 870 5383 arque
887 5292 1022 5356 assistit.
1041 5283 1200 5372 Denique
1214 5278 1335 5344 utsulis
1352 5277 1433 5344 radii
1452 5271 1572 5341 nullibi
1600 5287 1732 5358 pessunt
1753 5273 1898 5340 includi:
1913 5279 1960 5340 sic

279 5383 406 5462 saturnu
433 5392 592 5482 principis
617 5393 750 5458 libertus
775 5408 842 5452 nou
868 5397 973 5472 potest
996 5379 1031 5444 ll.
1056 5373 1227 5440 coarctari.
1259 5369 1405 5457 l’rinoipi
1430 5368 1520 5433 enim
1555 5362 1639 5450 lcges
1675 5387 1771 5428 nemo
1804 5365 1956 5450 scripsit,

276 5504 377 5578 arque
401 5477 485 5548 illud
511 5479 545 5546 in
572 5481 760 5568 principatu
786 5473 969 5540 maximum
994 5479 1060 5544 est,
1083 5465 1173 5555 quiorl
1201 5461 1285 5526 nilsil
1310 5462 1450 5548 cogitur.
1474 5452 1630 5522 Remittit
1659 5465 1766 5518 tamen
1804 5455 1954 5543 plerum.

277 5601 344 5668 qne
368 5575 409 5640 de
435 5571 602 5654 rnaiestntc
625 5591 682 5630 sne
709 5566 877 5654 princeps,
901 5555 1116 5646 ostenditque
1146 5555 1249 5630 ultro,
1285 5549 1373 5616 nibil
1404 5573 1473 5616 erse
1507 5557 1578 5608 tam
1605 5547 1787 5634 proprium
1820 5549 1958 5636 imperii

276 5691 377 5760 quarn
401 5663 442 5732 ll.
467 5661 591 5740 risere,
614 5653 638 5722 l.
666 5655 695 5722 3.
719 5677 748 5720 c.
772 5651 814 5720 de
837 5663 975 5718 turtum.
999 5645 1082 5714 lnde
1105 5665 1280 5722 commuue
1297 5641 1361 5708 sibi
1379 5633 1576 5731 quaudoque
1592 5656 1667 5700 cum
1683 5634 1823 5704 subditis
1839 5637 1954 5728 legum
