4236 6258
541 449 1102 530 Msrttrnrto
1160 457 1492 534 runata

214 626 316 737 uu
354 623 722 746 mannaan
758 623 1228 742 tuouuauutt
1264 627 1360 746 ttt
1388 626 1807 755 tutotuto.

774 861 829 904 mli
852 861 1030 906 ROVEIBUS
1052 863 1249 912 rtncmvut.

873 1009 881 1024 ⁸
889 1007 1102 1053 narrentanas

664 1173 869 1246 ΤΟΒΙΑ
906 1175 1284 1263 uulnerauit.
1312 1179 1354 1247 Β.

733 1375 1291 1424 -ψ--ι

754 1556 1039 1628 PRAEFATIO
1061 1557 1135 1626 AD
1158 1561 1199 1628 B.
1225 1561 1274 1630 L.

173 1685 371 1850 Quamvis
393 1745 510 1848 longae
533 1742 644 1810 litium
669 1740 858 1808 extensioni
877 1763 1012 1844 ‚uquam
1042 1740 1322 1808 immortalitatem
1355 1759 1490 1824 vocant,
1520 1745 1594 1833 jura
1624 1743 1765 1812 minime
1795 1745 1842 1814 ia-

173 1850 292 1916 reant,
315 1835 469 1926 adeoque
493 1857 529 1898 in
554 1855 706 1923 processu
733 1853 903 1922 properam
928 1829 1086 1919 jubeant,
1103 1829 1129 1896 l.
1144 1831 1415 1921 properandum.
1447 1832 1501 1898 13.
1523 1857 1578 1920 pr.
1604 1857 1635 1901 c.
1659 1834 1704 1901 de
1722 1837 1839 1926 judic.

171 1923 251 1990 inde
278 1951 321 1992 ue
344 1943 410 1992 tarn
436 1923 634 2014 litigatores,
657 1947 757 2014 qnam
782 1919 976 1987 libellorum
1001 1919 1177 1986 dictatores
1200 1945 1313 1988 cavere
1336 1923 1496 2002 debeant,
1513 1946 1556 1988 ne
1573 1925 1717 1992 verbosis
1732 1926 1842 1994 adser-

171 1952 322 2082 tionibus
347 2013 588 2094 cruciamen
614 2013 691 2079 haec
714 2012 779 2078 sola
804 2009 928 2076 libellis
952 2009 1156 2092 inscribant,
1181 2035 1270 2102 quae
1293 2011 1525 2102 compendiosa
1551 2017 1738 2080 narratione
1762 2041 1842 2083 cau-

171 2126 219 2169 sas
241 2106 421 2196 explanare
446 2104 594 2194 possint,
618 2101 644 2168 l.
669 2103 734 2168 ult.
759 2101 786 2188 4.
811 2103 848 2165 in
875 2099 1106 2190 refutatoriis.
1142 2123 1169 2164 ι.
1200 2125 1229 2166 c.
1258 2101 1302 2167 dc
1331 2103 1494 2194 appellat.
1523 2119 1558 2170 et
1586 2105 1731 2172 consult.
1756 2129 1840 2198 quo·

170 2217 317 2287 rumque
341 2195 383 2260 de
406 2217 505 2260 sensu
532 2193 621 2260 inter
644 2205 754 2282 partes
777 2191 926 2255 dubitari
951 2189 1125 2278 contigerit
1148 2189 1175 2255 i.
1200 2190 1264 2256 uit.
1289 2216 1320 2260 c.
1345 2193 1388 2259 de
1409 2191 1541 2280 precib.
1564 2193 1647 2286 imp.
1663 2196 1758 2285 affer.
1781 2199 1840 2262 At.

171 2295 283 2350 tamen
308 2311 385 2352 curn
409 2285 589 2374 plerique,
619 2283 679 2374 qui
710 2281 816 2348 causis
846 2281 880 2344 in
912 2279 983 2345 loro
1014 2278 1215 2346 ventilandis
1242 2303 1357 2370 operas
1387 2293 1538 2364 navant,
1569 2307 1607 2350 ex
1636 2283 1695 2351 illo
1725 2291 1840 2352 sancti

172 2374 365 2462 Augustini
387 2377 425 2438 in
448 2399 479 2442 c.
504 2372 682 2452 Dominus.
711 2397 743 2438 a.
768 2393 862 2440 caus.
898 2369 949 2434 23.
982 2391 1014 2454 q.
1048 2393 1078 2431 2.
1110 2369 1297 2462 principi03
1326 2387 1440 2438 utrum
1468 2387 1594 2463 aperta
1619 2397 1763 2464 pugna,
1791 2399 1838 2444 nn

165 2465 312 2534 insidiis
334 2464 568 2532 aduersarium
593 2468 761 2543 vincant,
785 2457 874 2527 ntttt
896 2458 945 2526 ad
960 2459 1137 2548 justitiam
1153 2463 1332 2528 interesse:
1349 2461 1487 2530 fallaciis
1502 2465 1570 2528 suis
1588 2464 1715 2530 veniam
1734 2490 1837 2557 quae-

169 2574 267 2636 rant,
284 2577 352 2620 non
376 2553 486 2644 potuit
508 2552 599 2635 fieri,
624 2553 709 2643 quin
732 2553 775 2618 ab
798 2550 899 2616 altera
927 2548 1066 2616 vicissim
1091 2561 1184 2640 parte
1208 2550 1335 2633 variae,
1359 2551 1401 2617 ad
1425 2551 1648 2619 excludendas
1673 2555 1836 2644 ejusmodi

166 2645 359 2732 captiones,
382 2643 528 2710 cautelae
551 2665 629 2708 erco
653 2643 832 2724 itarcntur3
855 2637 970 2704 dolum
994 2637 1087 2704 enim
1109 2637 1202 2716 dolo,
1226 2639 1375 2706 fraudem
1393 2640 1527 2722 fraude,
1543 2641 1755 2710 calliditatem
1772 2645 1838 2712 cal·

166 2733 301 2801 liditate
323 2732 457 2800 eludere
481 2753 579 2797 nemo
603 2666 667 2797 sibi
693 2729 846 2820 religioni
870 2727 965 2794 facilc
987 2727 1143 2812 duxerit,
1166 2727 1278 2796 Joaclr.
1303 2729 1481 2798 Schnohel.
1506 2729 1597 2823 disp.
1626 2733 1660 2799 3.
1684 2733 1775 2802 tlres.
1799 2736 1833 2822 4.

169 2825 338 2914 imprimis
360 2824 388 2891 si
412 2819 488 2888 dolo
512 2819 600 2887 bono
624 2820 658 2886 id
681 2819 858 2909 impetrare
881 2819 1042 2907 potuerit,
1065 2817 1124 2882 dn.
1149 2815 1264 2884 Struv.
1290 2819 1338 2886 ad
1348 2823 1392 2910 ff
1417 2845 1532 2890 exerc.
1558 2848 1588 2912 7.
1613 2821 1664 2888 ab.
1690 2824 1721 2888 8.
1746 2825 1836 2893 llinc

166 2915 305 2981 missum
330 2913 482 2981 brevitati
500 2908 680 3000 repudium
703 2907 907 2974 cautelarum
933 2907 970 2972 in
992 2906 1062 2974 l'oro
1086 2906 1295 2996 frequentiae
1317 2909 1402 2978 sores
1424 2913 1575 3004 aperuit3
1592 2913 1668 2980 binc
1683 2915 1835 3006 simplem

158 3008 295 3096 jur-ista
320 3019 352 3070 et
376 3000 573 3068 causidicus
597 3024 667 3067 non
689 2998 883 3065 cautelasus
906 2999 944 3061 in
967 2997 1067 3062 nulla
1090 2995 1366 3067 consideratione
1389 3026 1458 3069 esse
1480 3005 1611 3093 coepit,
1635 3019 1733 3090 prout
1758 3005 1833 3071 bar·

165 3097 255 3161 baris
269 3092 432 3183 ejusmodi
451 3091 557 3158 verbis
571 3092 622 3158 uti
639 3089 762 3181 placuit
778 3085 922 3153 Bartlrol.
940 3083 1098 3152 bertazol.
1114 3091 1152 3152 in
1165 3103 1271 3156 tract.
1289 3089 1433 3158 claustri.
1449 3093 1557 3162 claua.
1575 3091 1607 3180 4.
1618 3093 1829 3185 gloss.25.n.

166 3185 200 3272 4.
226 3183 319 3252 Cum
343 3199 454 3249 autern
479 3203 609 3262 earum,
634 3203 721 3272 quae
745 3177 1026 3270 frequentantur,
1048 3174 1251 3242 cautelarum
1278 3179 1333 3245 rix
1356 3185 1533 3248 centesima
1556 3207 1652 3264 eum,
1676 3185 1736 3277 qui
1759 3209 1834 3276 spe·

167 3289 277 3357 ratur,
301 3273 454 3339 effectum
479 3283 642 3361 praestet3
669 3292 736 3334 non
760 3269 861 3332 inane
885 3264 967 3330 mibi
990 3287 1109 3355 operae
1134 3266 1297 3354 pretium,
1321 3292 1381 3336 nec
1405 3272 1534 3339 steriles
1549 3297 1668 3339 avenas
1685 3276 1834 3364 promisi,

165 3367 210 3448 si,
235 3363 363 3458 quibus
390 3364 425 3428 in
450 3361 520 3427 loro
542 3360 681 3427 cautelis
706 3358 776 3438 uti,
802 3354 970 3448 quibusve
994 3367 1163 3446 tamquam
1186 3355 1366 3446 superfluis
1389 3360 1555 3428 abstinere
1579 3364 1753 3454 expediat,
1776 3363 1834 3429 de·

166 3474 239 3522 stro
265 3455 294 3520 b.
322 3453 344 3520 l.
372 3451 498 3542 judicio
521 3472 746 3542 exponerem3
770 3443 860 3537 quod
886 3444 962 3511 licet
985 3467 1053 3509 non
1081 3467 1140 3530 ea,
1165 3469 1229 3536 qua
1259 3444 1449 3530 debuisset,
1472 3452 1602 3518 collecta
1632 3454 1833 3519 camelorum

165 3547 258 3636 copia
285 3554 450 3634 praestare
474 3541 629 3620 licuerit,
653 3560 748 3628 spero
770 3553 879 3602 tamen
892 3585 903 3617 ,
928 3535 1145 3616 brevitatem,
1171 3534 1224 3600 cui
1248 3537 1385 3620 studui,
1409 3537 1581 3610 benevolis
1602 3543 1706 3609 oculis
1728 3567 1834 3635 aeque

167 3658 203 3702 ac
224 3634 419 3702 ulteriorem
441 3629 700 3698 redundantiam
723 3627 914 3694 arrisuram.

838 3775 1085 3848 CAPUT
1131 3779 1161 3846 1.

356 3955 415 4024 De
439 3955 585 4024 cautelis
608 3949 871 4022 abundantibus
893 3951 989 4016 circa
1008 3973 1177 4042 personas
1194 3949 1370 4040 judicium
1394 3957 1652 4022 constituentes.

395 4161 419 4212 δ’
438 4159 467 4214 U
480 4156 517 4210 ΙΙ
529 4157 563 4210 Η
579 4159 608 4210 A
627 4158 653 4212 n
671 4157 692 4209 1
706 4155 744 4208 A.
1029 4151 1142 4206 Arbiter
1158 4151 1218 4222 quis
1234 4150 1292 4206 rit?
1309 4169 1336 4206 n.
1356 4163 1398 4208 tr.

592 4295 595 4302 .
1026 4249 1233 4316 Supervacuum
1257 4257 1298 4302 ert
1318 4249 1367 4303 rub
1392 4247 1474 4304 certis
1493 4248 1690 4304 controversiis
1711 4250 1841 4320 gennale

160 4331 272 4382 renna
289 4325 420 4396 capitum.
437 4345 466 4379 n.
488 4338 510 4381 t.
1062 4331 1296 4400 compromissum.
1315 4351 1343 4384 n.
1366 4342 1406 4386 tt.

163 4413 257 4466 ΜΗ
275 4409 436 4466 ordinarint
454 4410 515 4482 quit
530 4411 588 4466 tit?
604 4427 633 4464 n.
654 4419 678 4460 2.
698 4419 723 4460 ⁸·
1030 4416 1180 4470 clausulae
1199 4417 1395 4488 restringentes
1417 4414 1532 4471 liberam
1553 4413 1665 4472 arbitrii
1668 4412 1839 4486 facultatem

165 4496 282 4563 Quando
294 4495 439 4551 ctuusuta:
457 4493 629 4551 ordinariam
637 4487 856 4564 iurisdictionem
869 4488 978 4558 aonser·
1061 4509 1128 4552 sant
1143 4515 1343 4568 superuacuae.
1361 4518 1388 4553 n.
1409 4509 1450 4553 tt.

163 4583 200 4635 ri:
219 4579 359 4638 ebandet?
380 4601 409 4635 n.
430 4590 454 4634 t.
1027 4582 1210 4638 denunciatio
1228 4583 1397 4640 reductionis
1414 4583 1454 4639 ad
1469 4581 1612 4639 arbitrium
1631 4582 1656 4637 b.
1674 4601 1704 4637 a.
1722 4595 1763 4640 eet
1777 4603 1843 4642 cau·

162 4669 309 4727 &unlaz
328 4670 403 4742 quod
415 4683 487 4722 unat
503 4685 541 4722 ear
557 4665 682 4736 pturttur
693 4661 832 4735 iudicibus
842 4659 920 4715 eatur
931 4675 978 4714 ta·
1062 4669 1117 4722 teia
1136 4667 1240 4722 abund.
1260 4685 1287 4720 n.
1310 4681 1350 4722 tt.
1368 4683 1424 4738 seq.

195 4769 330 4826 gnoscere
340 4753 443 4824 possit:
461 4768 499 4805 an
518 4749 658 4807 abundet?
678 4767 705 4803 n.
724 4759 748 4800 t·
1027 4752 1126 4806 donus
1143 4750 1184 4804 tir
1199 4750 1261 4821 quir
1278 4750 1336 4806 eit?
1352 4769 1382 4804 n.
1403 4762 1445 4804 tt.

165 4843 258 4896 Jadea
275 4835 516 4894 extraordinarias
531 4835 593 4906 quit
608 4832 663 4888 sit?
679 4852 709 4886 n.
723 4845 747 4886 t.
1027 4835 1176 4894 Clausulas
1186 4833 1291 4905 sijum
1304 4831 1557 4904 arbt'trotutsuerir.
1570 4842 1611 4888 ott
1619 4833 1728 4890 oauoela
1740 4834 1842 4890 abund.

162 4929 239 4982 Caat·
257 4923 361 4980 abund.
380 4930 419 4976 est
430 4961 440 4988 ,
461 4919 609 4976 successori
629 4918 753 4991 delegato
776 4916 849 4971 idern
873 4923 978 4987 ternpus
1064 4939 1093 4976 n·
1117 4931 1157 4974 ts.

195 5013 229 5066 de
242 5027 314 5064 noto
328 4993 509 5070 coffinum»
527 5003 698 5076 91*ῡᾶΜοΓὲ
709 5003 803 5056 dmm
810 4996 883 5069 fisit.
894 5017 922 5052 η·
936 5010 960 5052 ⁷·
1027 5004 1146 5064 Cautela
1163 5002 1309 5060 abundant
1320 5012 1377 5072 ert,
1390 5013 1420 5060 ut
1430 4999 1676 5071 compromittentes
1688 5001 1773 5057 lauda
1785 4999 1848 5056 tub-

163 5101 212 5152 An
231 5109 341 5151 necem
358 5092 411 5157 eit,
430 5102 460 5144 ut
474 5091 613 5160 pedaneus
626 5089 717 5161 judea·
734 5089 767 5142 de
782 5088 803 5157 j.
821 5103 844 5139 o.
863 5103 881 5139 a
896 5101 980 5154 prae-
1062 5088 1194 5144 teribant.
1216 5107 1244 5142 ιι.
1267 5097 1306 5142 to.

195 5185 254 5239 ride
272 5178 477 5237 constituatur?
494 5195 522 5232 n.
543 5190 568 5230 t.
1027 5179 1231 5244 Superraeuum
1243 5182 1300 5238 ert,
1311 5181 1342 5226 ut
1352 5169 1582 5240 arbiterpoenant
1594 5169 1787 5238 compromitti
1798 5172 1850 5225 tol·

163 5275 211 5328 An
225 5265 371 5336 prorogati
385 5277 536 5319 contentus
552 5259 603 5327 rit,
621 5259 717 5332 quoad
731 5257 915 5314 substantiam
934 5277 980 5313 ne·
1062 5262 1114 5314 tat.
1133 5276 1161 5312 n.
1180 5267 1224 5312 to.
1243 5267 1286 5310 tt.

196 5349 354 5413 restanus?
371 5367 400 5403 n.
419 5358 446 5400 t.
1034 5343 1152 5414 Quando
1166 5337 1467 5410 autumniautumni
1478 5339 1620 5398 abundet?
1633 5358 1661 5394 n.
1676 5351 1718 5395 tt.

164 5440 297 5502 mansula
314 5437 349 5490 de
359 5453 416 5488 non
429 5429 624 5488 consentienda
641 5427 671 5483 in
685 5427 804 5498 iudicem
817 5426 874 5481 niti
883 5433 980 5499 quate·
1030 5429 1062 5484 Si
1078 5427 1211 5496 abundet,
1230 5437 1256 5482 et
1271 5426 1372 5481 vitiare
1389 5424 1568 5495 adhibeatur,
1587 5447 1625 5484 an
1645 5423 1738 5484 uetant
1756 5427 1852 5484 abiet?

197 5541 249 5581 w
262 5525 296 5578 de
303 5523 366 5592 jure
377 5526 494 5582 tenetur,
509 5517 538 5570 in
552 5529 664 5570 camera
678 5512 810 5568 abundat.
822 5529 851 5564 ιι.
868 5523 908 5564 to.
1068 5533 1097 5568 n.
1118 5525 1161 5568 tt.

160 5611 311 5672 causata:
325 5609 478 5661 Darrman
495 5602 567 5655 rniab
585 5600 658 5656 aller
677 5593 981 5663 Ortensurauneltmn
1030 5601 1076 5653 De
1094 5606 1189 5653 actore
1207 5607 1235 5650 et
1252 5597 1281 5651 in
1296 5595 1345 5667 J'at
1361 5597 1514 5653 rotatione.
1531 5615 1558 5652 n.
1579 5609 1621 5652 tt.
1641 5607 1682 5650 tt.

196 5689 501 5756 decanatuum,
520 5685 651 5743 abundat.
670 5701 698 5738 n.
720 5695 760 5737 tt.
1035 5683 1181 5753 Quomodo
1200 5681 1302 5739 veniae
1317 5681 1413 5754 petitia
1432 5681 1633 5740 abuudaeeriti
1650 5701 1678 5738 n.
1699 5691 1743 5736 ts.
