4338 6240
311 199 366 274 'tm
882 199 1073 264 nrsaursr.
1092 205 1130 260 x.
1146 201 1264 262 carun
1280 203 1317 260 ιι.
1838 193 1893 264 tra

259 309 334 354 ⁸00⁰·
352 301 445 368 siwia
462 291 514 348 ¹²⁰⁰
532 303 591 363 eti,
605 309 661 350 nnn
677 312 746 366 opus
762 295 864 350 habam
876 297 1025 354 assistentia
1038 301 1077 354 le·
1135 302 1246 355 salutem
1265 299 1381 372 iniurius
1400 295 1492 352 inisse.
1503 292 1599 368 llepeti
1616 293 1663 350 bic
1678 301 1817 366 poterunt,
1827 306 1948 364 quaese·

262 379 305 454 qis
324 376 426 440 civilia,
445 375 463 426 l.
481 377 586 444 penult.
605 391 629 428 c·
647 374 681 430 de
699 374 796 432 dunct-
809 377 881 432 inter
896 378 945 432 uir.
959 390 985 432 et
997 397 1078 434 uxor.
1131 385 1232 456 puriori
1256 385 1344 458 erpite
1363 387 1396 438 de
1414 383 1590 437 renunciante
1614 381 1739 452 principe
1759 378 1888 440 adductae
1905 377 1945 429 ai·

268 461 454 514 Sicutiautem
470 476 547 512 nemo
560 457 612 514 sibi
622 460 707 530 legens
721 460 813 516 dicere
822 472 1014 533 potast,aqua
1026 481 1080 520 non
1133 467 1207 520 milis
1225 467 1300 520 enirn
1319 463 1738 536 utrobiqueratisest.lndeiam
1751 459 1945 525 concludimus,
1987 446 2020 495 ¹¹

266 545 352 600 valeat
362 541 504 608 recedere,
517 543 537 594 l.
549 541 575 597 rt'
586 542 645 614 quis
658 542 687 596 in
697 543 843 614 principio.
857 541 946 614 taff.
956 547 989 600 de
999 545 1079 618 legul·
1134 552 1279 606 clausulam
1299 551 1374 604 illam
1391 551 1473 603 ssiuo
1486 548 1552 618 jure
1570 557 1665 601 nostro
1683 547 1790 616 imperii
1807 545 1849 598 rei
1861 561 1947 612 supe·

264 639 290 682 s.
309 627 350 682 lta
368 626 519 698 principem
538 626 595 696 legs
615 635 765 684 contractus
791 645 845 682 uun
869 629 906 682 ita
931 632 1080 700 constringi
1133 633 1282 699 ricritctis,
1302 650 1354 688 uus
1372 651 1409 688 an
1428 650 1526 688 curren
1540 631 1629 687 bulsen
1648 631 1870 703 alrrgsatmaian
1892 633 1948 685 Ge-

261 710 373 780 dicum,
392 718 437 776 ut,
457 709 482 764 si
499 709 588 766 videat
605 711 682 764 iilum
701 711 755 779 juri
773 729 820 770 suu
837 713 1083 778 adversantemab
1134 719 1199 774 ιιιιι
1215 720 1275 774 und
1290 721 1407 790 repalien
1428 723 1500 775 cina
1518 719 1661 785 scindun,
1679 719 1787 774 etiemsi
1804 719 1950 787 uuilaejua

263 809 297 848 eu
309 811 362 870 non
378 795 465 866 possit
477 793 597 860 resilire,
611 794 662 849 rid.
677 796 747 852 Pete.
762 797 825 852 Ant·
844 799 878 852 de
896 799 966 852 Pete.
979 799 1083 870 dejure
1136 802 1200 860 iacta
1218 806 1379 871 rmerratio,
1398 821 1504 875 sesnper
1521 805 1611 859 baberi
1637 821 1688 873 pro
1711 817 1843 874 espreasa.
1864 804 1948 858 tude.

263 895 357 962 quaer.
372 895 423 952 per
436 877 550 952 princip.
569 879 699 934 ncntcii.
717 899 741 940 c.
760 891 918 954 inpransi.
937 895 962 936 ι.
980 897 1063 937 n.sc.
1137 886 1276 942 Knicbeu·
1294 888 1323 942 in
1347 890 1482 959 encyelop·
1505 889 1562 958 p'ur.
1587 888 1713 940 Brunou.
1731 903 1754 939 e.
1776 897 1819 938 ιο.
1836 905 1864 939 n.
1886 898 1945 940 tat.

301 968 401 1019 Verum
420 965 492 1018 euim
511 982 575 1018 veru
590 980 645 1018 non
657 964 777 1022 absolute
794 966 941 1037 procedunt
954 966 1085 1037 iila,quse
1134 970 1181 1024 ubi
1206 975 1304 1026 multos
1328 973 1357 1026 in
1382 973 1566 1026 testimonium
1584 980 1657 1028 rocst
1683 972 1765 1024 ictos.
1784 970 1830 1022 ttta
1850 971 1945 1036 enim,
1987 980 2019 1025 ιι

265 1051 379 1121 prciure
388 1049 521 1121 principis
531 1065 636 1120 semper
647 1048 780 1117 scisciam
792 1053 844 1118 iam
852 1051 971 1105 adducta.
980 1052 1084 1106 Etenim
1136 1073 1204 1126 quse
1220 1056 1381 1129 nequidem
1399 1073 1521 1129 expressa
1540 1055 1737 1110 renunciatione
1756 1055 1813 1109 tolli
1827 1065 1950 1127 possunt,

267 1145 371 1202 notum,
383 1135 599 1192 renunciationes
611 1133 711 1203 jurium
726 1152 779 1188 nun
793 1151 899 1206 semper
908 1153 966 1190 esse
976 1153 1085 1208 expres·
1135 1143 1219 1192 multo
1237 1141 1329 1194 ‘miuus
1349 1141 1429 1194 tacita
1446 1142 1549 1195 sublata
1567 1140 1762 1202 censebanture
1783 1149 1808 1193 et
1824 1141 1952 1212 princeps

267 1235 326 1286 aas,
345 1218 391 1272 sed
408 1219 548 1278 interdum
569 1235 675 1292 quoqne
699 1220 814 1288 tacitas,
829 1236 862 1274 es
882 1231 955 1274 certo
973 1221 1085 1292 quodam
1136 1239 1189 1276 uon
1206 1226 1386 1295 praesumitur
1403 1225 1518 1279 voluisse
1535 1223 1563 1276 iu
1582 1236 1692 1293 genere,
1709 1221 1781 1292 quod
1800 1223 1887 1276 iacere
1904 1239 1952 1277 ne·

264 1303 334 1358 lacto
354 1305 485 1358 collectas.
504 1306 616 1374 Quoties
634 1305 707 1360 enim
725 1315 801 1358 actua
819 1306 952 1374 ejusmodi
970 1308 1083 1376 geritur,
1136 1308 1227 1375 quiret
1251 1309 1281 1362 in
1307 1311 1413 1380 speeie,
1440 1307 1532 1364 witin.
1552 1309 1681 1361 intuma
1700 1307 1953 1377 Fecundeberpds

265 1391 312 1460 qui
331 1391 400 1444 citra
416 1388 646 1454 renunciationem
664 1393 705 1442 sui
724 1390 791 1458 juria
815 1385 876 1444 lieri
902 1408 955 1446 non
974 1392 1083 1462 potnit,
1136 1390 1255 1461 rescript.
1274 1395 1478 1448 monuncourt.
1497 1403 1538 1446 ss.
1557 1411 1584 1445 n.
1605 1401 1647 1442 ts.
1666 1387 1749 1443 simili
1769 1389 1886 1454 ratione,
1898 1409 1952 1461 qna

266 1474 344 1530 toties
355 1474 463 1528 tacitam
476 1473 703 1528 renunciationem
718 1474 841 1540 inducit,
859 1491 918 1545 carp.
934 1494 985 1546 cap
1007 1475 1082 1528 oiim.
1135 1489 1202 1542 quae
1220 1489 1360 1543 expressae
1376 1473 1592 1546 oppignoratioui
1616 1489 1669 1526 uon
1690 1473 1826 1537 obnoxia,
1845 1474 1893 1526 sub
1911 1485 1952 1528 ta·

269 1570 341 1612 cx.
360 1555 509 1610 decennii.
529 1576 551 1612 c.
569 1556 797 1616 retransmissa.
824 1571 866 1612 ιι.
883 1577 914 1612 rc.
932 1560 966 1614 de
982 1577 1084 1614 renrrn·
1137 1556 1192 1610 citu
1212 1557 1328 1627 pignore
1354 1576 1408 1613 non
1433 1559 1623 1622 continentur,
1642 1555 1812 1610 Schneidevv·
1832 1557 1871 1610 nd
1886 1563 1908 1620 ς.
1928 1568 1954 1609 ι.

269 1641 334 1718 ciat.
352 1643 475 1696 Menoch.
494 1657 571 1697 cuns.
590 1651 632 1692 st.
651 1659 678 1696 n.
699 1654 741 1696 ss.
761 1642 861 1697 Gravet·
881 1658 956 1696 cons.
975 1654 1035 1696 ssu.
1054 1661 1083 1696 n·
1137 1639 1200 1692 inst.
1213 1641 1246 1694 da
1264 1651 1317 1694 cet.
1329 1651 1357 1695 et
1368 1641 1412 1694 ubi
1432 1643 1584 1696 verosimile
1600 1651 1657 1706 est,
1675 1640 1789 1711 aliquem
1802 1642 1881 1694 talem
1896 1656 1954 1698 rem

274 1735 314 1778 tt.
330 1725 438 1778 Dalner.
457 1727 489 1778 de
506 1724 735 1797 rennneintrecp.
751 1738 773 1780 t.
786 1744 814 1782 m
833 1739 877 1782 ss.
895 1727 976 1796 Cujus
991 1728 1083 1782 tacitae
1136 1723 1316 1792 oblipatnmm
1335 1741 1388 1778 non
1407 1724 1504 1791 luisse,
1514 1743 1566 1779 nou
1581 1723 1744 1797 praeiudicat
1757 1723 1810 1794 ipsi
1824 1727 1955 1793 grumulis

270 1809 483 1863 renunciationis
509 1811 667 1879 regulariter
684 1797 775 1865 eadent
795 1811 835 1866 vis
853 1823 894 1866 ast
905 1851 914 1878 ,
933 1829 1013 1882 quana
1038 1827 1085 1864 es¹¹
1137 1807 1264 1876 otrttpatto
1282 1809 1301 1862 t.
1322 1820 1345 1860 tt.
1354 1805 1396 1877 Ι.
1416 1810 1450 1863 de
1471 1809 1578 1880 pigucr-
1596 1809 1614 1862 l.
1637 1819 1659 1860 t.
1677 1829 1700 1862 e.
1719 1827 1791 1878 pune
1814 1825 1857 1863 rer
1878 1812 1954 1881 piper.

271 1911 385 1966 pressae.
406 1895 515 1947 Dulner.
534 1894 560 1946 d.
579 1903 613 1948 tr.
631 1911 654 1948 o.
675 1907 699 1948 ι.
717 1913 743 1947 ιι.
763 1907 786 1947 ι.
806 1894 883 1964 Quod
898 1895 920 1947 si
933 1911 996 1963 ergo
1009 1896 1084 1966 prin·
1137 1895 1209 1962 Quid
1230 1909 1291 1962 ergo
1308 1911 1376 1963 opus
1394 1895 1445 1947 erit
1459 1897 1520 1947 talia
1535 1910 1668 1948 reservare
1679 1909 1815 1966 expresse,
1827 1909 1894 1965 qnae
1906 1897 1952 1952 ob·
1993 1907 2025 1952 ts

269 1993 331 2048 ceps
348 1993 451 2047 quoque
468 1977 521 2046 juri
539 1995 587 2031 auo
604 1978 788 2033 adversantem
805 1981 918 2048 gesserit
935 1990 1030 2043 actum,
1044 1983 1085 2049 ju·
1137 1981 1220 2048 ligare
1239 1989 1283 2032 aut
1301 1995 1353 2031 non
1375 1980 1441 2032 valui
1455 1991 1498 2034 aut
1515 1982 1611 2032 uoluit.
1625 1981 1695 2032 idem
1709 1995 1770 2050 ergo
1787 1980 1816 2033 in
1836 1983 1958 2056 principe

270 2069 311 2112 sta
322 2060 459 2115 suboritur
476 2060 670 2125 dubitatio,an
689 2079 742 2116 non
761 2063 881 2116 obstante
899 2063 948 2126 ltoc¹
965 2076 1033 2128 actu,
1045 2067 1087 2134 jus
1137 2063 1284 2127 obtinebit,
1309 2063 1356 2132 qui
1376 2079 1436 2114 curn
1457 2064 1654 2133 superioritatis
1677 2063 1730 2132 juri
1756 2063 1884 2135 derogare
1902 2085 1958 2123 nort

198 2221 203 2232 ‚
274 2148 346 2199 aliud
364 2146 461 2215 agendi
479 2146 535 2216 ipsi
554 2148 653 2198 salvum
673 2147 724 2197 sit:
743 2164 793 2199 uec
812 2147 881 2199 tollit
898 2163 1021 2218 praesens
1039 2147 1086 2202 du·
1139 2146 1278 2216 potnerit,
1297 2165 1347 2198 uec
1372 2149 1453 2200 etiam
1478 2147 1593 2200 voluisse
1610 2148 1638 2200 id
1656 2149 1805 2201 credendus
1829 2159 1889 2215 est,
1908 2150 1957 2204 sed

269 2231 345 2284 bium
368 2235 498 2298 alterum,
516 2231 586 2302 quud
605 2232 725 2304 superius
757 2231 920 2299 adductum,
946 2233 1002 2286 scil.
1026 2249 1086 2288 eun·
1139 2233 1230 2301 potius
1249 2233 1298 2285 boc
1317 2233 1359 2300 jus
1377 2231 1452 2286 tacite
1470 2231 1592 2302 principi
1610 2243 1791 2298 reservatum
1809 2251 1877 2302 quse
1893 2251 1957 2290 vero

273 2325 374 2367 tractus
392 2309 554 2384 principum‘
568 2317 595 2367 ll.
613 2316 732 2367 ciuilium
753 2331 823 2367 nean
836 2334 889 2368 nun
906 2333 962 2371 esse
976 2320 1087 2372 constri·
1142 2318 1226 2370 tacite
1245 2315 1359 2382 insunt,
1378 2333 1432 2369 non
1455 2333 1522 2387 opus
1540 2328 1598 2382 est,
1616 2329 1645 2370 ut
1664 2319 1870 2387 exprimentur,
1894 2335 1958 2377 cnm

272 2406 337 2453 cios.
357 2399 424 2450 Cum
442 2399 514 2450 enirn
534 2398 586 2468 ipsi
614 2399 765 2469 principes,
785 2416 818 2451 ex
838 2418 885 2467 co,
906 2419 957 2472 quo
977 2404 1005 2456 iu
1025 2407 1072 2458 rub
1140 2418 1292 2472 expressum
1310 2419 1390 2456 omne
1408 2401 1474 2454 illud
1494 2402 1667 2472 intelligatur,
1685 2403 1755 2471 quod
1775 2403 1958 2474 subintelligi·

272 2481 344 2536 ditos
362 2481 484 2536 teruntur
500 2483 609 2546 ellectu,
629 2483 765 2536 contestati
784 2503 837 2538 non
855 2489 936 2540 seusei
956 2489 1027 2554 sint,
1041 2505 1085 2558 se,
1141 2496 1183 2538 tur
1195 2504 1209 2536 a
1222 2487 1296 2550 iure,
1315 2485 1332 2536 1.
1353 2485 1416 2540 iicet
1434 2485 1592 2555 imperetur.
1611 2497 1653 2538 rt.
1662 2484 1705 2554 Ι
1724 2487 1758 2538 de
1774 2488 1854 2556 ieput.
1871 2501 1894 2542 t.
1908 2489 1957 2542 Ti·

275 2567 397 2638 quamais
416 2569 442 2619 ll.
462 2568 540 2619 soluti
560 2569 631 2632 siut,
652 2568 716 2618 aelle
737 2577 824 2622 tamen
843 2572 872 2624 il.
891 2572 993 2640 rivere,
1012 2575 1032 2628 ι.
1049 2577 1088 2632 di.
1141 2569 1252 2638 raqnell.
1271 2570 1300 2620 in
1319 2570 1338 2620 i.
1351 2567 1378 2622 si
1390 2587 1521 2641 unquam.
1539 2571 1777 2626 vernatoaartone
1793 2573 1915 2644 largitus.
1930 2593 1957 2629 n.

276 2669 335 2721 pua
359 2669 428 2705 vox.
449 2661 472 2704 t.
498 2669 519 2704 c.
540 2651 572 2706 rie
591 2652 620 2703 il.
639 2653 724 2718 adeo,
750 2663 779 2704 ut
797 2671 849 2708 nun
868 2658 999 2726 placuerit
1023 2660 1090 2732 ipsis
1144 2663 1201 2709 iii·
1227 2671 1249 2708 c·
1273 2655 1306 2707 de
1329 2653 1668 2708 reconcinnetur·
1692 2659 1754 2725 quia
1779 2658 1807 2709 iu
1830 2659 1959 2713 omnibns
1999 2685 2031 2730 η

210 2779 212 2786 ,
272 2738 388 2808 legatum
407 2750 541 2810 acceptare
565 2755 598 2792 es
623 2749 781 2792 testamento
804 2742 904 2808 jurium
927 2745 1089 2800 solemnibus
1142 2740 1246 2792 actibus
1264 2740 1416 2810 principum
1444 2739 1490 2792 ills
1509 2739 1623 2794 clausula
1641 2740 1718 2794 salvo
1733 2741 1797 2811 jure
1812 2742 1961 2813 superiori·

160 2869 163 2878 ,
271 2822 397 2878 destituto
415 2825 433 2876 l.
454 2835 496 2877 ιι.
504 2821 547 2892 Ι.
566 2825 599 2876 de
616 2823 695 2892 legat.
717 2837 740 2876 a.
758 2824 776 2874 i.
796 2842 832 2877 ere
845 2825 1012 2898 impaqfaetu.
1026 2843 1049 2883 ι,
1062 2849 1088 2885 0,
1141 2825 1229 2889 totis,
1248 2839 1301 2876 uns
1318 2842 1357 2879 cn
1376 2839 1476 2877 unsern
1500 2825 1608 2878 recinen
1634 2825 1865 2890 clrnrclraedliclr,
1888 2828 1958 2883 solet

271 2905 422 2962 detestans.
437 2907 601 2978 thuaurris
620 2911 648 2961 in
668 2908 780 2960 solemni
796 2919 952 2967 testamento
970 2916 1091 2987 principi
1138 2906 1218 2974 iiiiii
1230 2924 1264 2960 ⁸¹
1275 2907 1442 2962 ⁰b³⁶rv⁸¹²ii³
1454 2909 1586 2978 seuerius
1604 2909 1710 2962 ‘limi
1731 2909 1821 2962 “iem
1841 2909 1961 2979 tibim-

271 2995 389 3062 legatum
414 2994 556 3058 relictum,
583 3005 668 3046 tamen
694 2992 850 3046 detractioni
875 2994 996 3050 falcidiae
1019 3001 1093 3053 locus
1141 2993 1174 3045 do
1186 2992 1284 3046 omissa
1303 3004 1330 3049 et
1345 2995 1387 3062 jus
1406 2995 1516 3064 imperii
1530 3003 1689 3047 reservatum
1709 2995 1821 3059 nonsit,
1840 3003 1961 3048 attamen

275 3091 317 3135 est
334 3080 352 3131 i.
374 3092 396 3134 t.
416 3101 439 3135 c.
458 3082 494 3134 ud
513 3077 644 3149 issicid.
664 3079 748 3131 Sicuti
771 3096 893 3148 quoque,
911 3083 1019 3134 etiarnsi
1037 3084 1089 3136 im·
1143 3081 1244 3151 pariter
1262 3089 1416 3150 reputatur,
1435 3095 1464 3131 uc
1483 3080 1507 3134 si
1527 3080 1573 3132 illa
1588 3081 1703 3132 clausula
1722 3075 1816 3133 inisset
1833 3095 1962 3150 expresse

273 3183 381 3248 perator
400 3171 494 3224 haeres
513 3167 653 3220 institutus
670 3165 722 3232 sit,
743 3175 928 3221 testamentum
950 3169 1092 3223 nibilomi-
1141 3163 1250 3232 adjecta.
1270 3165 1349 3236 Quod
1369 3164 1440 3218 enim
1460 3164 1653 3234 sernpersolet
1672 3165 1784 3235 epponi,
1805 3162 1872 3216 illud
1892 3163 1962 3216 diei·

274 3278 325 3314 nus
343 3268 373 3310 ut
391 3250 573 3307 inofficiosum
594 3260 683 3320 potest
700 3251 868 3321 oppugnari,
886 3251 905 3304 i.
924 3253 1046 3323 Pupicn.
1066 3266 1089 3306 ι.
1142 3259 1184 3302 tur
1201 3264 1364 3320 expressum.
1384 3247 1525 3302 Covarruv.
1543 3248 1589 3301 lib.
1612 3259 1633 3300 t.
1652 3264 1715 3300 uor.
1728 3247 1807 3301 recol.
1827 3264 1850 3300 e.
1875 3259 1914 3299 ts.
1930 3265 1960 3300 n.

275 3340 514 3412 §.simperatum
534 3347 556 3389 t.
565 3331 607 3405 Ι.
627 3334 659 3387 de
676 3332 756 3404 inoffi
776 3345 882 3390 testum.
903 3337 1012 3407 insuper
1029 3353 1090 3391 curn
1144 3344 1169 3384 s.
1187 3333 1220 3387 Et
1236 3352 1279 3397 ea,
1298 3351 1364 3404 quae
1388 3341 1451 3384 snut
1476 3332 1560 3385 moris
1578 3342 1604 3384 ct
1623 3330 1840 3396 consuetudinis,
1861 3329 1960 3384 aubin·

274 3427 348 3482 etin
366 3425 447 3478 dubio
460 3423 587 3495 princeps
604 3420 800 3490 unusquisque,
818 3438 870 3489 quo
888 3420 920 3472 ad
940 3421 1091 3492 exemplum
1144 3417 1307 3486 telliguntur.
1326 3418 1344 3471 t.
1363 3429 1404 3470 st.
1422 3417 1444 3482 §·
1466 3427 1509 3470 ιο.
1518 3414 1560 3485 Ι.
1578 3417 1611 3470 de
1624 3416 1725 3471 aedilis.
1746 3417 1844 3470 edicto.

274 3531 352 3568 mutu
370 3519 541 3580 componeret
558 3503 691 3571 subditos,
711 3507 752 3558 illi
771 3503 841 3571 juri,
859 3504 930 3574 quud
947 3504 1091 3558 circasub-
1177 3504 1316 3574 Exemplis
1335 3503 1399 3556 baec
1417 3519 1458 3556 res
1475 3501 1628 3556 deducenda
1644 3503 1834 3574 ulterins‚quo
1847 3501 1961 3557 clariora
2001 3515 2033 3563 ιι

275 3597 393 3651 ditonum
412 3595 530 3648 actiones
547 3581 742 3648 oiisersandum
759 3589 843 3642 votuit
849 3625 859 3654 ,
873 3605 902 3641 se
912 3587 1091 3644 conformasse
1144 3591 1274 3654 madunt,
1292 3605 1359 3657 qnne
1376 3587 1455 3642 modo
1473 3587 1501 3639 in
1521 3587 1637 3640 mettium
1659 3589 1767 3656 prolata.
1788 3587 1816 3640 Si
1837 3585 1964 3658 princeps

274 3683 423 3738 ceumtadus
447 3681 506 3745 sit,
529 3694 582 3732 uun
602 3675 712 3747 quidem
729 3691 763 3728 es
781 3675 938 3728 necessitate
956 3675 1089 3746 quadarn,
1143 3673 1267 3730 concedat
1278 3675 1358 3727 alicui
1373 3673 1497 3736 lendum,
1508 3688 1569 3725 cum
1583 3671 1734 3725 omnimoda
1749 3677 1892 3742 potestate,
1905 3687 1964 3724 uon

275 3788 354 3843 quam
371 3771 416 3822 les
432 3764 521 3818 civilis
539 3763 593 3834 ipsi
610 3762 757 3830 legislatori
775 3761 915 3831 imponere
932 3763 1033 3833 nequit,
1045 3763 1091 3818 sed
1145 3769 1266 3814 censetur
1274 3756 1347 3812 illam
1356 3758 1535 3812 omnimodam
1549 3767 1704 3827 potestatem
1716 3755 1885 3819 concessisse,
1896 3771 1965 3824 quaa

275 3873 309 3918 er
328 3855 383 3910 solu
400 3851 517 3906 arbitrio
541 3846 676 3919 principis
686 3883 696 3912 ,
714 3845 779 3902 dum
798 3845 836 3898 itu
855 3844 962 3899 lucilius
980 3847 1010 3899 in
1028 3849 1090 3901 sub·
1144 3856 1185 3900 est
1203 3861 1284 3918 penes
1298 3845 1385 3916 ipsum
1404 3843 1567 3915 principem.
1588 3841 1659 3895 Petr.
1676 3841 1772 3893 tuton.
1792 3838 1825 3891 de
1840 3839 1916 3891 Petra
1930 3838 1965 3891 de

276 3938 431 4014 jectnssibi
450 3936 508 3990 iure
526 3929 901 4005 imperiuru,anirnsdvertit.
920 3931 998 3985 cant.
1017 3935 1090 3987 lien·
1143 3929 1199 4000 jur.
1224 3943 1318 4000 quaer.
1337 3945 1388 3996 per
1408 3924 1526 3996 princip.
1546 3943 1603 3979 nnn
1629 3924 1689 3976 toll.
1707 3941 1729 3976 c.
1751 3931 1792 3974 ιι.
1813 3939 1841 3974 n·
1861 3932 1902 3975 tt·
1923 3921 1964 3974 ΕΙ
2006 3930 2037 3979 ts

280 4031 355 4098 ηιμ,
376 4026 409 4078 ,tt
427 4023 506 4077 Grot.
523 4019 570 4074 tib.
590 4029 616 4070 2.
633 4036 658 4070 e.
683 4027 722 4068 ιι.
742 4016 766 4082 §.
786 4028 810 4069 ι.
828 4015 904 4070 ueri.
923 4025 955 4070 aar
971 4036 1094 4074 commn-
1146 4033 1199 4088 qno
1223 4011 1395 4068 laudamento
1420 4012 1490 4066 idem
1517 4013 1588 4065 Pete.
1614 4010 1676 4063 bnt.
1695 4009 1729 4062 de
1750 4009 1826 4061 Petra
1845 4007 1870 4062 d
1890 4006 1908 4058 i.
1934 4027 1964 4062 n.

282 4131 345 4170 near
367 4113 398 4164 ii.
422 4109 556 4180 regulam.
583 4101 710 4172 Sequitur
733 4101 847 4168 exinde,
869 4101 940 4172 quod
963 4104 1098 4162 indubio
1148 4115 1190 4156 ss.
1204 4117 1258 4153 non
1270 4097 1464 4153 admittendam
1484 4106 1556 4168 putat
1573 4093 1733 4148 seutentiam
1747 4089 1892 4144 Alexandri
1904 4092 1966 4145 uui.

283 4206 432 4254 contractus
449 4192 606 4264 principuus
625 4203 685 4240 cum
703 4184 819 4238 subditis
838 4186 905 4240 initi
921 4203 956 4240 ex
971 4190 1002 4241 ll.
1021 4189 1096 4244 illius
1151 4197 1175 4238 ι.
1193 4200 1271 4238 conr.
1287 4182 1414 4236 sicima
1423 4178 1483 4250 fin.
1503 4177 1697 4242 existimantis,
1717 4177 1739 4230 si
1759 4179 1904 4247 imperator
1917 4177 1969 4232 ali·

280 4283 351 4352 reip.
369 4296 416 4336 seu
432 4273 559 4336 civilitas
576 4273 634 4326 sint
650 4269 826 4336 aestimaudit
837 4271 905 4326 sicut
922 4289 984 4344 ergo
998 4274 1027 4328 in
1041 4279 1096 4348 pri·
1150 4271 1193 4324 cui
1211 4267 1387 4322 concessisset
1405 4277 1502 4321 terram
1523 4283 1582 4317 cnm
1601 4261 1771 4336 plenitudiue
1790 4263 1857 4328 iuris
1876 4271 1902 4314 et
1920 4263 1967 4332 ju·

281 4378 341 4426 ratu
358 4372 504 4422 contractus
524 4373 559 4413 es
576 4367 656 4429 post,
676 4356 746 4412 iacto
765 4368 827 4411 scrut
843 4359 1012 4413 enesaunt,
1032 4363 1050 4414 ι,
1072 4375 1097 4416 5,
1151 4349 1320 4406 risdietionis
1338 4349 1436 4420 absque
1460 4349 1514 4402 ulla
1539 4347 1737 4414 reservatione,
1757 4348 1835 4399 talem
1854 4361 1967 4398 conces·

280 4469 302 4508 c,
312 4449 347 4506 a,
360 4447 416 4502 pit,
427 4453 454 4502 ,t
467 4454 519 4498 aar,
533 4445 571 4497 ita
583 4460 685 4512 qunque
705 4443 733 4493 in
752 4441 877 4512 principe
894 4460 954 4498 curn
971 4444 1024 4496 atio
1037 4463 1098 4500 cort·
1150 4437 1251 4490 sincera
1263 4434 1431 4497 convalere,
1445 4434 1551 4486 etiarnsi
1564 4431 1690 4487 ecelesiae
1708 4432 1854 4486 «locaverit.
1868 4432 1970 4502 Quam·

284 4534 421 4598 ιιὼιιιος
440 4527 560 4601 alioquin
572 4528 653 4582 enim
670 4526 844 4595 inaequalitas
858 4527 928 4582 iuter
941 4531 1100 4584 aunuatim.
1150 4519 1189 4573 vis
1208 4517 1281 4570 enirn
1301 4517 1476 4588 superioritas
1494 4531 1621 4588 expresse
1639 4532 1693 4567 uon
1714 4511 1795 4568 inerit
1812 4523 1969 4582 reservata,

282 4633 323 4676 tea
338 4615 502 4675 admittenda
521 4615 599 4670 tuaac
616 4611 819 4682 i‘rassupposita
840 4627 924 4666 autem
950 4622 1099 4670 amitt-tet„
1152 4611 1239 4654 tamen
1258 4601 1309 4654 hoc
1327 4601 1406 4653 tacite
1422 4599 1520 4652 iactum
1541 4599 1716 4668 intelligitur,
1729 4597 1802 4652 Buld.
1815 4614 1891 4654 cons.
1906 4611 1968 4655 sss.

281 4704 415 4760 validitate
428 4703 458 4755 in
470 4701 609 4773 principe,
627 4697 691 4751 iluit
708 4697 771 4750 inde
787 4695 915 4768 obligatio
933 4715 978 4752 sna
998 4711 1099 4770 sponte,
1151 4683 1292 4756 circnfin.
1312 4685 1371 4736 ilus
1389 4689 1492 4752 spectat
1511 4681 1578 4736 illud
1589 4719 1597 4747 ,
1621 4683 1691 4752 quod
1715 4683 1851 4756 superiori
1875 4683 1969 4754 capita
2010 4694 2043 4740 ts

283 4787 493 4858 Obligatiureru
504 4787 545 4853 ius
558 4796 633 4838 autea
646 4789 799 4852 competens
818 4781 969 4852 restringit,
983 4784 1037 4838 imo
1051 4786 1100 4839 tot.
1151 4769 1312 4835 adductum,
1331 4769 1364 4822 de
1381 4767 1569 4835 jurisdictione
1586 4766 1742 4819 omnimoda
1762 4783 1816 4838 per¹
1828 4768 1973 4822 investitu-

284 4875 319 4928 lit
336 4870 405 4927 baud
424 4887 504 4934 raro,
523 4878 553 4923 ut
569 4867 634 4922 bine
653 4867 775 4939 exceptio
798 4866 869 4938 pacti
887 4879 930 4924 aut
951 4879 1100 4925 contractu,
1150 4869 1205 4906 ram
1224 4869 1360 4917 unumne}
1379 4852 1441 4905 licut
1459 4850 1532 4906 enim
1546 4851 1591 4902 illa
1604 4849 1752 4904 abdicatire
1768 4853 1879 4905 vassallo
1900 4853 1972 4908 dica·

287 4956 479 5032 principantur
492 4955 575 5009 dubio
587 4954 690 5025 opponi
705 4953 798 5022 possit.
1153 4947 1195 4990 tur
1212 4951 1350 5003 concessa,
1368 4953 1419 4990 nec
1437 4935 1490 4988 ulla
1509 4935 1650 4988 reservatio
1663 4935 1766 4988 ratione
1782 4936 1884 5004 jurium
1897 4939 1975 5007 prin-

322 5043 362 5098 tte
381 5060 442 5097 vero
459 5041 609 5115 promiscue
631 5038 780 5108 principem
798 5037 997 5093 contrahentem
1016 5049 1044 5094 et
1061 5039 1102 5110 ju,
1150 5021 1219 5092 cipis
1237 5028 1376 5093 apparent,
1396 5017 1510 5072 iuterim
1529 5018 1651 5090 superior
1663 5018 1710 5071 illa
1722 5019 1878 5086 jurisdictio
1892 5021 1973 5094 prin·

287 5126 341 5184 sibi
359 5129 460 5183 salsum
479 5144 531 5182 non
551 5134 745 5187 resemautetn,
760 5125 818 5192 iure
835 5142 881 5176 suo
892 5123 1016 5178 excidere
1033 5123 1102 5177 dica·
1152 5105 1301 5175 οῙι)Μιιῡὶκξ
1314 5111 1444 5156 “mim
1462 5113 1594 5200 filimi*
1609 5101 1689 5169 “¹⁰⁰⁹
1703 5111 1733 5155 ¹¹²
1748 5119 1801 5156 ⁰⁰¹¹
1815 5104 1909 5174 ⁵⁸¹¹‘ssl
1924 5121 1973 5176 1³²³

288 5233 362 5281 mus,
380 5231 435 5269 non
453 5209 534 5268 aliter
552 5209 602 5264 boc
618 5209 780 5263 intellectum
799 5209 933 5272 rulumus,
946 5227 1025 5279 qnam
1039 5225 1102 5278 quo.
1152 5190 1358 5263 appellationem
1378 5187 1411 5240 ad
1430 5203 1582 5257 principem
1606 5193 1694 5259 pateat
1718 5201 1855 5252 recursus,
1873 5187 1920 5241 sed
1945 5198 1975 5244 es

289 5316 373 5372 mque
390 5298 516 5370 ppqnoep,
534 5311 561 5348 ω
579 5293 669 5364 potuit
685 5303 714 5345 οι
732 5293 815 5346 ,ptutt
832 5290 957 5361 051th
977 5292 1008 5346 st
1027 5291 1099 5344 enim
1152 5281 1176 5333 si
1195 5280 1265 5330 male
1282 5274 1421 5338 vassallum
1440 5270 1510 5326 circa
1528 5269 1785 5325 administrationem
1803 5271 1973 5341 jurisdictio-

287 5393 439 5438 contractus
456 5377 587 5451 ejastaodi
606 5377 659 5441 sit,
675 5375 721 5446 qui
741 5375 770 5428 iu
789 5391 867 5446 grave
891 5374 1015 5427 (lemnum
1035 5373 1103 5445 vaip,
1152 5367 1195 5418 nis
1207 5360 1307 5416 versari
1326 5357 1429 5424 videat,
1448 5356 1574 5427 princeps
1587 5371 1678 5410 causas
1695 5357 1729 5408 ad
1749 5375 1777 5411 se
1796 5377 1917 5428 avocare,
1931 5365 1989 5448 rel¹

288 5479 396 5542 pergat,
414 5468 456 5522 ael
472 5465 505 5520 ad
523 5463 733 5518 imminuendam
752 5461 883 5535 principis
901 5459 1056 5531 dignitatem
1076 5470 1102 5513 at
1153 5451 1234 5503 etiam
1253 5439 1563 5516 penitus-juridictione
1582 5439 1690 5511 privare
1714 5445 1853 5498 vassallum
1872 5449 1974 5520 possit.

288 5555 512 5628 superioritatem
534 5549 644 5616 tendat,
663 5565 716 5604 nou
738 5548 936 5621 praesumitur,
956 5561 986 5598 se
1003 5545 1036 5595 ad
1055 5545 1103 5598 hoo
1154 5531 1232 5586 caut.
1247 5530 1334 5584 ⁸¹¹⁰*
1347 5523 1506 5601 ism-fidi
1517 5541 1576 5595 ι’(Ψ·
1593 5542 1616 5583 ⁶·
1629 5527 1667 5579 Νι·
1686 5535 1724 5578 ¹⁸·
1739 5545 1767 5582 ‘¹-
1782 5540 1806 5584 ὅ·

290 5655 372 5714 ,ψ
388 5637 506 5710 ,huwe
523 5635 651 5706 potuim,
669 5643 714 5718 ,αι
730 5633 760 5688 tn
779 5646 853 5688 Μ
871 5627 964 5700 κίῃς
980 5626 1101 5702 publicae
1146 5672 1149 5684 ,
1190 5618 1221 5674 ld
1239 5610 1493 5690 peritereseodem
1507 5609 1635 5684 dependet
1655 5595 2045 5750 principiqripriueepse
