4228 6240
173 1319 205 1363 2⁴

173 1997 206 2044 28

174 2429 205 2470 rt

314 397 365 452 say
868 381 1059 441 utstuttr.
1078 383 1127 442 Ν.
1145 383 1264 442 etuuu
1281 379 1331 440 lli·
1852 380 1904 436 aad

258 477 416 552 inquirunt,
441 487 520 549 quam
544 475 661 546 aliquem
685 475 740 531 albi
757 475 900 546 associent,
919 480 997 548 louge
1014 476 1077 530 dili·
1128 477 1286 552 quandoque
1305 475 1405 532 liberat
1422 485 1534 533 tutorem
1553 475 1595 530 ael
1621 475 1705 530 etiam
1730 485 1896 540 curatorem,
1922 475 1963 530 ita

258 564 363 634 gentius
382 579 444 616 saue
463 563 492 618 iu
512 563 568 631 ejus
594 559 683 614 uitam
702 572 861 618 anteactum
886 564 1079 633 inquirendum
1127 572 1236 636 propter
1253 563 1337 618 uitem
1359 561 1433 616 mele
1453 570 1546 614 cetum
1571 569 1601 614 ut
1626 570 1761 630 suspectus
1783 569 1893 630 uterque
1913 577 1962 614 re·

257 649 324 714 erit,
341 647 389 718 qni
407 665 480 700 sacro
497 647 587 700 ordini
605 645 818 701 annumerandus
834 657 884 701 est.
903 647 1018 717 Ideoque
1035 662 1080 701 ex·
1129 655 1263 712 mutetur,
1283 647 1391 702 etiamsi
1415 646 1481 700 satis
1497 643 1580 698 offere
1608 645 1691 707 velit,
1718 661 1765 715 per
1786 651 1808 708 ς.
1832 653 1873 695 42.
1891 643 1960 696 taes.

256 749 347 803 presse
367 741 472 786 reulum
492 731 523 782 in
542 748 604 783 cen.
621 742 646 782 4.
660 731 719 784 diet.
735 743 778 786 us·
796 749 831 786 ue
844 733 899 798 illi,
912 732 959 802 qui
970 749 1080 804 peregre
1129 732 1162 786 de
1177 741 1293 802 suspect.
1314 740 1365 784 tut.
1384 730 1428 784 ubi
1449 727 1571 794 additur,
1590 737 1618 782 et
1637 747 1696 782 cum
1724 735 1878 798 suspectum
1902 743 1957 796 pu·

256 813 397 884 baptizati,
418 831 449 868 ee
467 813 538 882 quud
556 829 652 868 eurum
666 813 1077 888 mtoatneoognteositotro,ad
1132 816 1203 881 tari,
1223 815 1270 885 qui
1299 814 1418 868 muribus
1436 815 1498 867 talis
1516 821 1570 880 esl,
1589 814 1826 883 utsitsuspectus·
1846 812 1960 863 Manent

260 900 362 954 clerum
375 911 579 970 promoreantur
596 899 703 954 inaliis
720 903 875 973 provinciis.
895 905 942 959 Sic
954 903 1078 976 etimpe·
1128 915 1189 953 reru
1208 909 1307 953 tutores
1325 897 1451 968 obligati,
1469 899 1554 951 donec
1571 899 1650 951 tutela
1680 894 1765 950 fuerit
1794 893 1887 960 linita,
1913 911 1958 948 ra·

263 995 343 1038 retur
361 983 597 1038 Inarimen-lun.
619 995 678 1037 ¹2³.
695 1003 719 1039 c.
737 989 801 1038 t.ln
819 1005 933 1058 persona
950 987 1078 1040 ordinau-
1129 983 1268 1054 tionesque
1295 981 1556 1036 restituerimus
1580 991 1665 1035 autern
1691 979 1851 1050 regulariter
1874 981 1959 1032 tutela

260 1065 294 1118 da
313 1066 383 1122 inter
400 1067 451 1120 alia
471 1066 583 1138 requirit
593 1069 682 1123 vitam
696 1069 763 1124 dene
775 1083 874 1126 cctam.
889 1072 962 1142 Quid
973 1089 1033 1127 vero
1046 1075 1080 1129 de
1130 1067 1241 1140 quidem
1262 1069 1408 1142 pubertate
1424 1085 1467 1139 pr.
1485 1069 1549 1122 inst.
1566 1069 1662 1138 quibus
1679 1067 1768 1121 modis
1779 1065 1889 1138 transtu.
1901 1067 1957 1120 Cu·

261 1151 315 1203 rita
335 1151 365 1203 iu
395 1149 538 1204 academiis
559 1160 689 1206 transacta
712 1153 898 1221 judicandum,
917 1171 1005 1208 sucum
1026 1171 1077 1208 uon
1130 1154 1211 1206 ratela
1229 1171 1293 1208 sero
1317 1153 1531 1222 reajnreunitate‚
1545 1153 1599 1206 nisi
1611 1153 1671 1223 quis
1684 1152 1787 1206 matiam
1800 1151 1891 1205 aetatis
1905 1151 1959 1203 im·-

265 1241 307 1284 est
320 1229 712 1288 discutere-rid.b.Bruunem.
724 1235 827 1304 deflare
842 1236 934 1290 eccles.
947 1237 965 1287 l.
983 1247 1039 1290 t.c.
1055 1246 1079 1290 t.
1129 1237 1294 1306 petrarerit,
1319 1237 1447 1292 sicenim
1467 1237 1549 1290 citius
1573 1238 1689 1290 curatele
1717 1237 1844 1306 exspirat.
1876 1236 1955 1286 Hanc

262 1322 283 1378 ς.
308 1325 347 1370 tu.
374 1319 415 1370 De
432 1318 568 1389 episcopis
585 1317 615 1370 iu
633 1336 697 1374 cun.
721 1319 884 1390 episcopum.
912 1334 937 1373 tt.
955 1320 1016 1374 dist.
1036 1331 1080 1376 st.
1128 1337 1190 1377 reru
1210 1339 1290 1374 nemo
1310 1321 1455 1392 impetrare
1473 1319 1589 1386 valebit,
1609 1321 1663 1372 nisi
1684 1335 1716 1375 ex
1735 1316 1877 1384 cuiuscitu
1897 1335 1953 1370 un·

261 1417 390 1471 expresse
408 1411 547 1468 statutum,
576 1419 610 1456 ue
633 1403 694 1474 quis
717 1405 855 1476 episeopus
877 1405 1003 1475 eligatur,
1026 1404 1080 1458 uisi
1130 1415 1224 1460 tenete
1247 1407 1281 1458 de
1301 1406 1420 1460 moribus
1431 1403 1523 1475 probis
1541 1411 1658 1467 constet,
1678 1419 1728 1472 per
1746 1401 1764 1452 l.
1784 1411 1809 1451 2.
1828 1417 1852 1452 e.
1865 1398 1956 1451 debr's

260 1503 339 1553 quem
359 1488 443 1542 multo
461 1497 523 1541 aule
541 1495 604 1539 nuta
623 1487 822 1559 probabilisque
840 1489 895 1544 citu
907 1487 1080 1544 commendet.
1130 1489 1182 1558 qui
1200 1490 1309 1543 uoniam
1327 1499 1411 1545 uetur.
1430 1489 1620 1556 impetrarunt.
1639 1487 1770 1558 Expressa
1782 1485 1854 1538 enim
1869 1485 1956 1554 impe·

259 1567 394 1624 Caeterum
402 1571 720 1642 inleraliaepiseupcrum
733 1573 877 1642 requisita,
891 1591 958 1644 quae
970 1572 1024 1627 rid.
1037 1591 1078 1644 ap.

261 1652 287 1706 b.
307 1653 452 1708 Bruuucrn.
470 1657 494 1709 d.
505 1657 523 1709 t.
536 1653 559 1726 5.
575 1665 614 1708 42.
634 1667 658 1711 et
675 1657 723 1710 boc
742 1667 799 1720 est,
818 1673 853 1710 ue
870 1657 928 1710 sint
944 1655 1075 1726 irregula-

262 1752 319 1801 res,
344 1741 434 1810 quales
462 1750 524 1793 sunt
549 1738 704 1793 duellautes.
729 1738 803 1792 ilinc
826 1737 958 1793 concludit
982 1737 1009 1790 b.
1033 1737 1080 1790 alu.

261 1819 408 1878 Brnuuem.
427 1823 453 1876 d.
471 1826 490 1877 l.
509 1841 541 1878 ex
561 1823 609 1876 bac
632 1841 708 1876 causa
727 1825 821 1878 mribus
834 1823 967 1878 studiosos
980 1823 1079 1878 uaeoto-

261 1906 319 1976 giae
337 1926 351 1960 a
370 1910 452 1962 sacris
467 1907 610 1963 ordinibus
622 1909 747 1963 arcendos
761 1925 825 1962 esse

263 2045 266 2050 ,
300 1993 384 2045 Porro
400 2011 415 2046 a
435 1991 568 2046 tutoribus
586 1991 734 2048 cautionem
753 2011 798 2048 scu
817 1991 1011 2048 satisdationem
1023 1992 1081 2044 cxi-

261 2073 301 2143 gi,
315 2085 388 2144 patet
405 2093 438 2128 ex
457 2086 476 2126 ι.
493 2076 556 2129 inse.
576 2076 607 2130 de
625 2075 718 2131 sctud.
738 2085 787 2130 tut.
801 2075 870 2146 quod
884 2075 1028 2145 repetitum
1042 2091 1079 2128 re·

259 2158 364 2226 peritur
381 2159 410 2210 iu
429 2173 524 2212 reeens.
542 2159 638 2230 imper.
657 2159 691 2212 de
704 2169 879 2217 unnotsts.
897 2159 937 2210 tit.
957 2177 1009 2212 uon
1029 2175 1080 2225 prr·

257 2240 352 2310 pillen.
371 2237 419 2294 Est
436 2259 496 2296 reru
514 2243 598 2298 cautio
616 2243 795 2314 quadruplex,
814 2243 866 2296 ella
891 2240 1078 2310 fidejussoria,

260 2325 312 2379 elia
332 2327 518 2396 pignoratitia,
544 2327 597 2381 alia
616 2329 757 2394 juratoria,
776 2327 827 2380 alia
846 2326 916 2380 uude
933 2325 1078 2398 promisso·

262 2413 310 2466 ria.
329 2431 352 2466 ι.
370 2413 416 2466 dn.
435 2413 536 2468 Brunn.
556 2413 595 2466 ad
611 2423 630 2466 t.
638 2411 681 2482 ff.
698 2414 746 2484 qui
760 2425 812 2466 sut.
830 2431 888 2486 cog.
907 2433 932 2484 q.
954 2423 977 2466 2.
992 2411 1022 2465 Et
1040 2429 1080 2464 re-

260 2498 387 2566 gulariter
404 2495 511 2568 quidem
525 2495 674 2565 fidejussor.
687 2509 820 2568 praestare
835 2506 958 2551 tenentur
972 2507 1077 2558 tutores,

262 2598 303 2652 pr.
323 2581 386 2635 inst.
404 2579 544 2634 derutisd.
563 2591 611 2635 tut.
624 2581 641 2634 l.
665 2593 688 2633 4.
707 2579 728 2653 5.
752 2591 773 2632 4.
791 2578 824 2649 ffi
842 2597 899 2634 nm
916 2579 1080 2648 pupillisul-

263 2664 409 2733 vamjbre.
429 2665 445 2718 1.
469 2675 490 2716 4.
499 2663 540 2734 ff
552 2666 600 2735 qui
614 2666 707 2720 entisd.
728 2685 785 2736 cog.
804 2683 864 2719 cum
885 2665 1012 2720 iuteresse
1030 2683 1078 2734 pu·
1110 2685 1111 2690 ¹

262 2752 322 2822 pilli
343 2751 387 2802 hic
404 2749 441 2804 sit
459 2752 598 2804 incertum.
617 2755 676 2805 Jam
699 2770 759 2804 reru
776 2751 821 2805 dd.
841 2753 928 2820 regula
947 2761 998 2816 est,
1017 2769 1081 2822 quu-

262 2836 423 2903 tiescumque
442 2833 570 2889 iuteresse
590 2835 716 2888 incertum
738 2845 797 2898 est,
818 2833 1077 2904 tutiealidejussuri·

261 2917 327 2981 busa
345 2919 447 2988 quoties
465 2933 528 2972 seru.
542 2929 582 2970 est
595 2931 712 2984 certum,
727 2919 806 2974 toties
821 2920 978 2991 pignoribus
988 2939 1081 2974 cnaeu-

265 3003 337 3056 dum.
360 3002 392 3056 Et
411 3002 465 3056 buc
485 3003 583 3058 intuitu
602 3005 665 3073 plue
681 3014 720 3057 est
740 3005 768 3056 iu
787 3019 831 3067 re,
849 3022 927 3074 quam
947 3005 975 3058 in
997 3023 1082 3077 persn-

264 3105 314 3154 ιιι,
333 3089 379 3142 illo
397 3106 458 3144 aero
491 3089 616 3152 iutuitu,¹
634 3089 694 3159 plus
720 3096 760 3142 est
779 3088 807 3140 iu
828 3103 938 3158 persona
956 3107 1033 3158 quam
1053 3092 1081 3143 iu

189 3225 192 3232 ,
264 3188 301 3224 re.
322 3169 353 3224 Et
370 3175 433 3226 baec
452 3171 561 3242 quidem
580 3173 713 3228 satisdatio
733 3173 766 3224 de
783 3174 842 3240 jure
859 3172 933 3224 cirili
951 3174 1015 3228 adeo
1032 3191 1079 3226 ue·

185 5577 217 5624 il

263 3253 375 3308 cessaria
393 3265 447 3320 est,
466 3267 495 3310 ut
513 3257 675 3324 censuisse,
698 3259 788 3310 omnia
813 3273 879 3326 quae
903 3274 918 3307 a
938 3266 1021 3311 tutore
1040 3277 1083 3328 ge-

264 3348 376 3404 runtur,
396 3341 452 3392 sint
470 3340 528 3410 ipsu
548 3343 606 3406 inre
624 3341 700 3395 irrita
714 3359 760 3412 per
773 3342 792 3395 l.
806 3353 830 3394 t.
841 3359 864 3395 c.
878 3341 911 3395 de
922 3351 970 3394 tart.
984 3342 1026 3394 eel
1037 3359 1082 3396 cu·

265 3433 318 3476 rut.
335 3423 467 3494 quiretis
484 3443 540 3478 non
560 3425 640 3480 dedit.
660 3425 804 3496 Excipitur
824 3438 910 3482 temen
930 3427 963 3479 ab
983 3425 1068 3479 bacsa

1128 1583 1202 1627 rator
1223 1576 1251 1626 in
1272 1575 1297 1626 d.
1316 1575 1333 1626 l·
1357 1586 1381 1627 2.
1398 1573 1530 1644 requirit,
1548 1582 1578 1626 ul
1594 1571 1775 1628 {dulcorentur
1787 1569 1892 1621 ¹vettium
1907 1585 1954 1620 ae-

1130 1659 1193 1710 tatis
1213 1657 1404 1729 impetraturi,
1419 1673 1472 1710 uon
1488 1657 1572 1709 solnm
1587 1655 1805 1726 perscripturum
1820 1669 1953 1706 antrorum

1128 1759 1267 1796 nnmerum
1287 1744 1413 1812 probent,
1435 1757 1462 1793 sc
1480 1741 1585 1796 scilicet
1602 1752 1644 1793 2ο.
1661 1738 1754 1792 aetatis
1772 1753 1871 1789 annum
1894 1735 1954 1788 im-

1130 1825 1260 1895 pteataae;
1286 1843 1347 1879 curn
1366 1824 1448 1878 citius
1466 1824 1581 1877 masculo
1599 1821 1757 1891 regulariter
1775 1820 1825 1874 buc
1849 1817 1956 1875 benefi-

1126 1908 1198 1962 cium
1217 1926 1271 1961 non
1294 1911 1473 1968 concedatur;
1491 1925 1554 1960 nam
1573 1906 1600 1958 in
1627 1905 1778 1958 illustribus
1810 1905 1954 1960 interdum

1127 1993 1171 2044 bic
1191 2010 1319 2046 numerus
1337 2009 1390 2045 ιιοιι
1413 1991 1577 2056 attenditur,
1608 1990 1664 2044 rid.
1692 1995 1719 2042 b.
1744 1989 1889 2042 llruuneut.
1922 1989 1957 2043 ιἰι

1127 2088 1272 2132 comment,
1290 2079 1328 2132 ud
1343 2079 1368 2130 si.
1388 2077 1406 2128 l·
1427 2087 1451 2129 t.
1468 2095 1491 2129 c.
1504 2075 1537 2130 de
1550 2074 1777 2146 disquirentem.
1794 2083 1879 2128 cetat.
1896 2072 1954 2125 fed

1125 2163 1206 2215 etiam
1226 2163 1338 2216 testibus
1357 2159 1464 2214 idoneis
1482 2161 1633 2227 adsecutis,
1654 2177 1757 2213 morum
1777 2175 1883 2212 sucrum
1905 2159 1955 2210 irr-

1126 2243 1213 2298 stituta
1233 2246 1458 2316 probitatemque
1470 2245 1554 2298 animi
1575 2253 1602 2298 et
1621 2245 1806 2297 testimouium
1820 2246 1959 2299 viterclan-

1128 2327 1409 2384 nestiurr'eedueeaut.
1436 2329 1510 2382 idem
1536 2330 1565 2382 in
1598 2329 1725 2382 lueminis
1753 2329 1869 2394 obtinet,
1899 2329 1960 2384 uisi

1126 2413 1196 2480 quaed
1214 2414 1262 2466 bac
1279 2427 1318 2467 ts.
1335 2431 1433 2467 ιιιιιιιιιιι
1448 2431 1567 2484 egressae
1579 2415 1683 2468 reniam
1696 2415 1791 2469 aetatis
1805 2416 1958 2486 impetrare

1128 2496 1238 2550 valeam.
1258 2497 1291 2548 Et
1310 2499 1379 2552 ticet
1398 2511 1489 2570 putent
1506 2499 1641 2567 nonnulli,
1661 2499 1690 2552 iu
1711 2499 1838 2552 foeminis
1857 2505 1954 2558 saltem
2015 2554 2021 2564 ,
2063 2563 2069 2571 ,

1127 2597 1209 2632 anuus
1228 2597 1285 2634 esse
1304 2582 1482 2650 probandos,
1501 2583 1585 2636 uitem
1616 2601 1678 2637 reru
1709 2595 1867 2641 anteactum
1898 2606 1957 2644 nun

1129 2665 1210 2730 item;
1229 2667 1397 2720 centrarium
1418 2678 1505 2722 tamen
1526 2669 1610 2739 stragia
1641 2669 1756 2735 arridet,
1787 2679 1846 2726 utut
1878 2673 1956 2729 enirn

1130 2749 1246 2819 probitas
1265 2749 1293 2801 in
1309 2749 1429 2802 foemina
1444 2752 1528 2820 magis
1541 2761 1739 2822 praesumatur,
1754 2755 1849 2807 mentia
1865 2766 1958 2812 tamen

1131 2832 1238 2885 solertia
1256 2851 1308 2886 uon
1327 2837 1411 2888 etiarn
1440 2837 1532 2888 statim
1557 2837 1749 2907 praesumitur,
1778 2843 1958 2909 praesertim,

1128 2931 1188 2970 cam
1207 2927 1234 2970 el
1253 2918 1365 2972 loerninn
1385 2932 1475 2974 cuutre
1495 2923 1605 2991 propria
1623 2921 1759 2974 commota
1778 2923 1898 2977 militare
1916 2927 1955 2979 ub

1130 3019 1209 3056 sexus
1227 3003 1441 3060 imbecillitatem
1466 3005 1572 3059 dicatur
1592 3023 1639 3076 per
1657 3008 1676 3058 l.
1696 3018 1720 3058 2.
1747 3013 1768 3070 §.
1798 3019 1822 3058 2.
1838 3005 1880 3077 ff.
1901 3011 1951 3065 ud.

1129 3087 1396 3154 sc.aelle1'.etl.ei
1418 3098 1501 3158 puter
1520 3099 1543 3140 4.
1560 3107 1584 3143 c.
1608 3090 1641 3142 de
1665 3105 1758 3155 spons.
1786 3089 1893 3146 Conieu
1926 3095 1954 3146 b.

1131 3168 1274 3224 Bruunem.
1295 3172 1319 3223 d.
1339 3171 1357 3222 l.
1376 3191 1404 3224 ιι.
1421 3185 1461 3226 tt.
1473 3189 1544 3244 seqq.
1560 3175 1650 3226 Mores
1664 3191 1726 3243 ergo
1740 3174 1768 3225 iu
1783 3174 1955 3246 impetranda

1129 3257 1206 3310 senia
1222 3257 1316 3309 setalia
1336 3257 1464 3326 probandi
1484 3267 1563 3318 suut,
1575 3273 1688 3327 qnorum
1701 3261 1880 3324 coniecturam
1896 3278 1954 3314 nou

1131 3339 1262 3392 modicum
1281 3341 1429 3411 praestabit
1447 3340 1503 3394 cita
1521 3351 1667 3405 anteacta,
1681 3352 1709 3394 ut
1727 3352 1801 3396 nutet
1816 3345 1952 3396 Muscard.

1130 3424 1163 3475 dc
1179 3423 1287 3491 produt.
1300 3424 1352 3476 vul.
1372 3433 1396 3475 2.
1408 3425 1527 3479 conclus.
1546 3436 1621 3478 1022.
1636 3443 1712 3478 ιιιιιιι.
1728 3437 1751 3476 t.
1767 3443 1851 3497 neque
1863 3428 1956 3484 obstat

263 3504 405 3560 tiadatione
431 3517 502 3562 tutor
527 3511 744 3564 testamentarius
761 3521 839 3582 atque
857 3529 889 3564 ex
909 3511 1083 3581 inquisitione
1132 3509 1278 3577 quemlibet
1296 3509 1418 3584 muribus
1438 3510 1564 3582 idoneum
1586 3511 1723 3580 reputaris
1741 3529 1792 3580 Pel
1811 3529 1831 3564 ⁶·
1853 3514 1900 3566 ²11³·
1922 3515 1953 3568 ¹⁵⁶

265 3593 342 3648 dm,
359 3613 401 3665 pt·-
420 3595 482 3649 ,Μ
508 3596 651 3652 amn-,41¹
670 3607 718 3652 quq,
736 3597 814 3653 ΜΟ
835 3611 895 3653 „fo
912 3595 993 3663 huju.
1010 3615 1083 3650 ρης.
1120 3589 1199 3660 ste.
1218 3591 1434 3660 depressumpt.
1454 3595 1526 3646 Haec
1544 3593 1882 3666 euimpraesumplinuou
1898 3599 1956 3651 arai-

264 3679 370 3748 prionie
394 3679 482 3751 posita
500 3690 541 3736 eet
559 3682 587 3734 iu
607 3682 662 3737 cito
687 3693 814 3738 anteacta
833 3683 928 3737 tuturis
947 3681 1008 3735 dati.
1027 3683 1081 3752 Qui
1132 3673 1239 3730 licitirt
1261 3677 1336 3728 senia
1367 3677 1459 3730 aetatis
1484 3678 1660 3748 impetranda.
1690 3681 1772 3733 lliesc.
1792 3681 1817 3734 d·
1838 3683 1858 3732 t.
1877 3701 1905 3734 ιι.
1932 3695 1954 3737 t.

267 3767 340 3820 enirn
361 3766 490 3818 hacteuus
510 3767 621 3836 probum
639 3784 667 3821 se
686 3767 782 3837 gessit,
800 3765 879 3820 etiam
901 3765 929 3820 iu
948 3777 1080 3837 posterum
1131 3775 1202 3830 seqq.
1222 3761 1300 3813 Haste
1319 3777 1380 3814 veru
1398 3761 1492 3816 aetatis
1510 3763 1612 3815 reulum
1628 3779 1681 3815 uon
1694 3767 1780 3816 solum
1795 3765 1956 3836 imperator,

267 3868 295 3906 ,e
314 3852 391 3904 ,apem
410 3857 551 3917 gemm,
568 3868 627 3904 em
644 3851 836 3920 pumumtmf,
855 3850 912 3902 oid.
933 3849 1026 3904 Atotat.
1050 3852 1083 3904 de
1136 3845 1182 3899 sed
1200 3854 1228 3898 et
1239 3855 1323 3898 status
1337 3847 1446 3916 imperii
1462 3847 1490 3898 in
1504 3849 1560 3900 suia
1577 3848 1724 3902 territuriis
1737 3853 1879 3906 concedere
1893 3871 1956 3924 pos·

268 3936 343 3994 υπὸ.
362 3933 456 4006 ,pwffi
474 3936 492 3987 p,
521 3945 543 3989 q·
562 3935 634 3990 ,qm
655 3935 723 3987 med,
735 3929 977 4004 §.proptor-otest,
996 3933 1085 3987 nodio
1134 3939 1204 3983 sunt.
1223 3930 1275 3986 rid.
1295 3929 1402 3984 Beseld.
1420 3933 1448 3985 d.
1466 3931 1550 4002 regul.
1569 3949 1591 3984 c.
1612 3942 1636 3984 2.
1656 3953 1682 3987 ιι.
1705 3947 1728 3986 ι.

267 4029 354 4074 tamen
373 4037 465 4072 omnes
486 4029 585 4073 tutores
604 4018 761 4074 indistincte
779 4017 908 4072 satisdare
921 4028 1041 4072 tenentur
1055 4017 1084 4071 iu
1169 4013 1306 4068 Praeterea
1325 4014 1514 4083 majorennitas
1532 4033 1585 4070 nou
1597 4012 1662 4069 finit
1680 4021 1841 4082 curatelam,
1856 4021 1878 4072 ⁸3
1890 4022 1954 4092 qul·

266 4121 362 4158 recess.
379 4103 474 4174 imper·
494 4104 527 4158 de
538 4121 583 4158 un.
601 4113 676 4158 tete.
688 4113 707 4154 t.
726 4119 784 4155 ven
799 4100 926 4172 pupilles·
946 4103 1017 4156 etde
1030 4121 1082 4157 on·
1134 4101 1262 4169 prodigus
1278 4099 1362 4153 luerit
1378 4099 1521 4154 declaratus
1538 4102 1556 4154 l.
1580 4113 1601 4156 t.
1619 4121 1642 4158 c.
1661 4105 1687 4156 d.
1701 4105 1902 4175 curcesuriosi
1915 4111 1963 4163 cel

268 4209 305 4244 Μ
322 4203 395 4244 qm·
413 4201 432 4244 ι
449 4190 509 4246 ωδ.
528 4191 656 4262 (quamq,
673 4189 793 4244 morib„
811 4191 873 4243 hm
886 4185 1085 4260 peffiqejmo.
1136 4185 1262 4256 prodigi,
1280 4201 1341 4238 nam
1360 4184 1443 4254 quoad
1461 4183 1583 4239 effectum
1603 4189 1671 4254 iuris
1698 4192 1824 4260 prodigus
1852 4191 1960 4248 iurinso

267 4289 311 4326 m
328 4272 472 4328 'nudandi
492 4275 634 4328 namq„
652 4291 707 4328 non
724 4283 779 4328 „m
799 4273 949 4344 ,eq-„Puto”
964 4272 1086 4328 offlam.
1137 4277 1163 4321 el
1182 4280 1269 4324 utente
1287 4269 1578 4341 oaptoaaqutpnumr,
1597 4271 1684 4326 Felin.
1704 4275 1743 4326 cd
1759 4295 1779 4329 e.
1798 4279 1960 4343 pastoralis.

268 4367 325 4422 qur,
353 4367 422 4412 ,em
439 4356 532 4430 Cup,
555 4377 581 4430 Ρ,
608 4370 629 4412 1,
649 4377 671 4412 ο,
691 4372 716 4412 5,
740 4358 796 4429 aff
816 4369 837 4408 a,
860 4357 899 4409 Ab
917 4357 978 4411 alti,
998 4367 1085 4410 umen
1141 4363 1181 4404 tt.
1198 4371 1231 4406 as.
1251 4353 1281 4406 d.
1295 4354 1382 4424 judic.
1402 4373 1430 4406 ιι.
1451 4369 1475 4408 ι.
1493 4355 1553 4408 Nun
1572 4373 1635 4411 reru
1646 4375 1695 4428 pru
1708 4359 1817 4430 prodigo
1836 4361 1960 4430 habetur,

268 4441 390 4514 personis
407 4443 436 4496 iu
454 4443 554 4510 judicio
571 4443 737 4512 litigantibus
755 4442 908 4512 frequenter
924 4441 1012 4495 cautio
1029 4442 1086 4496 exi·
1137 4437 1192 4490 nisi
1207 4455 1286 4508 quem
1306 4440 1434 4493 sententia
1452 4439 1551 4508 judicis
1573 4443 1651 4495 talem
1670 4442 1830 4509 declararit,
1857 4447 1961 4502 confer.

268 4533 354 4596 gitur,
375 4528 408 4582 de
426 4545 478 4596 qua
494 4526 548 4581 rid.
567 4527 615 4579 dd.
633 4525 671 4580 cd
692 4535 711 4578 4.
725 4524 766 4595 ff
794 4526 842 4595 qui
851 4524 943 4580 sutied.
957 4543 1015 4594 eug.
1033 4527 1086 4581 tito
1139 4523 1156 4574 l.
1177 4533 1197 4574 t.
1218 4525 1237 4574 l.
1257 4535 1282 4576 e.
1301 4523 1321 4577 4.
1342 4537 1383 4578 tu.
1397 4519 1439 4592 ff.
1457 4525 1491 4579 de
1509 4524 1708 4594 curcesurios.
1735 4537 1762 4582 et
1786 4529 1849 4581 otiis
1877 4541 1964 4588 extro

271 4621 367 4674 saltem
385 4614 466 4678 addo,
485 4610 519 4664 ed
537 4613 690 4680 juratoriam
715 4612 865 4666 cantionem
884 4628 938 4664 non
956 4609 1086 4676 admitti,
1139 4607 1240 4660 minue.
1257 4613 1279 4668 ς.
1299 4617 1324 4659 2.
1341 4607 1407 4660 inst.
1424 4607 1521 4678 quibus
1539 4627 1595 4661 nun
1615 4620 1655 4662 cst
1677 4611 1841 4680 permissum
1865 4615 1965 4680 fucere

269 4705 324 4757 uisi
342 4702 375 4755 de
392 4701 468 4768 cujus
486 4697 547 4749 uita
570 4705 700 4750 anteacta
717 4695 801 4766 prubc
818 4705 932 4759 constat,
952 4702 1045 4764 utpote
1062 4694 1085 4748 ai
1138 4701 1196 4742 tert.
1214 4690 1268 4744 rid.
1288 4691 1379 4743 Slrnr.
1395 4689 1576 4761 lacrimasse.
1596 4693 1614 4743 l.
1637 4705 1659 4744 t.
1679 4703 1696 4746 t.
1724 4705 1767 4748 tt.
1792 4693 1816 4767 5.
1848 4707 1869 4750 t.
1897 4703 1962 4754 Jub.

269 4786 307 4838 ait
324 4781 476 4850 integritate
492 4779 563 4834 ritae
581 4780 748 4850 conspicuus.
768 4779 814 4834 alu.
833 4779 980 4831 Brunnem.
992 4780 1017 4832 at.
1030 4779 1049 4831 l.
1062 4799 1088 4852 q.
1140 4771 1261 4844 Pbilippi
1280 4772 1309 4826 ιἰι
1329 4789 1379 4827 uras
1390 4783 1478 4846 praet.
1492 4773 1554 4826 inst.
1568 4777 1585 4827 l.
1602 4785 1626 4828 2.
1640 4777 1721 4846 eclog.
1738 4791 1779 4831 st.
1794 4799 1821 4832 n.
1836 4792 1858 4833 s.
1874 4779 1964 4838 lirun·

274 4883 313 4923 ¹5·
333 4870 421 4923 sm
439 4865 469 4918 qn
489 4865 679 4936 syntagma
695 4863 905 4918 mum„
921 4863 1088 4918 mannan,
1136 4855 1232 4910 uberet.
1249 4854 1291 4908 cd
1307 4856 1325 4906 l.
1346 4865 1369 4907 4.
1381 4855 1423 4924 ffi
1439 4856 1473 4910 de
1492 4877 1512 4911 r.
1527 4859 1551 4928 j.
1570 4858 1655 4912 Causa
1677 4879 1738 4916 reru
1758 4863 1902 4934 impulsiva
1929 4869 1964 4920 ad

271 4955 331 5008 erit.
349 4952 393 5004 du.
414 4949 558 5003 Bruuueua.
571 4946 598 4999 d.
613 4948 632 5000 l.
648 4967 674 5017 q·
688 4959 729 5000 44.
747 4945 889 5004 Wesetub.
906 4943 946 4998 ud
961 4946 1049 4998 eumd.
1068 4957 1086 5000 t,
1135 4939 1250 5009 aliquem
1266 4955 1318 5008 pre
1335 4939 1444 5008 prudigo
1463 4940 1670 5010 declarandum,
1689 4953 1731 4997 est
1750 4947 1804 5002 uite
1820 4960 1962 5007 unteuctc.

269 5057 298 5092 n,
317 5051 357 5092 to.
375 5034 475 5088 Ec'ult·
500 5032 674 5088 adeunde.
694 5018 722 5084 ιι.
744 5042 784 5084 ts.
804 5031 862 5083 imo
879 5028 1087 5099 licelerprease
1139 5023 1270 5092 Prodigus
1287 5023 1360 5076 euim
1378 5024 1551 5078 constituitur
1570 5027 1625 5079 suis
1651 5027 1770 5094 actibus,
1799 5034 1840 5085 nti
1868 5036 1961 5101 lusor,

272 5129 398 5176 statutum
417 5127 502 5182 esset,
521 5125 551 5169 ut
569 5115 685 5186 quilibet
703 5117 775 5183 juxta
791 5111 946 5184 qualitatem
961 5129 1088 5184 personae
1136 5109 1298 5179 dissipator,
1316 5109 1478 5162 luxuriosus.
1496 5109 1581 5163 Fetiu.
1602 5111 1642 5164 ud
1657 5113 1683 5165 d.
1702 5131 1725 5167 e.
1744 5119 1908 5183 pastoralia.
1930 5139 1957 5173 n.

271 5206 432 5268 quisdam
452 5203 477 5256 q,
494 5212 597 5264 umen,
614 5203 662 5272 quq
679 5199 772 5272 pmbq,
791 5197 910 5253 nomba,
928 5207 968 5252 ,ει
985 5209 1011 5252 01
1027 5215 1088 5269 ψ..
1139 5204 1161 5246 4.
1178 5191 1327 5246 declaratur
1345 5209 1393 5263 per
1413 5194 1587 5260 sententiam,
1608 5195 1741 5251 declarato
1752 5196 1786 5250 ue
1803 5200 1959 5258 interdictio

270 5299 355 5345 mm
372 5287 453 5350 Βᾶθι,
478 5285 651 5349 lambitur,
676 5285 698 5338 al
725 5286 873 5351 juramento
890 5278 1005 5346 maurit,
1025 5280 1090 5334 licet
1138 5277 1196 5347 ipsa
1213 5278 1286 5345 lege,
1302 5273 1357 5330 aid.
1376 5273 1420 5330 du.
1440 5275 1585 5332 Βιιιιιιιιιιι.
1604 5295 1692 5335 eccere.
1717 5291 1740 5332 4.
1754 5283 1793 5338 ud
1801 5283 1863 5338 inse.
1878 5296 1960 5342 ms.

270 5374 395 5429 satisdare
412 5370 522 5444 proprie
539 5364 927 5436 atsfitajnsaoattsoaorsttsort
939 5367 1087 5418 consulere.
1136 5359 1160 5434 5
1180 5375 1204 5416 ι.
1224 5360 1452 5430 Quemadmodum
1472 5378 1532 5416 turo
1557 5366 1592 5417 ub
1617 5364 1700 5421 titum
1718 5379 1879 5425 uuleuulum
1909 5390 1960 5444 pto

272 5459 364 5514 bloiet.
381 5459 417 5513 de
434 5455 505 5510 ιιι-ὸ.
522 5451 619 5524 signif,
636 5453 655 5504 l.
678 5463 699 5505 t.
718 5449 905 5511 circumed.§.
923 5449 1089 5517 propteroa·-
1138 5446 1248 5515 prodigo
1265 5447 1327 5516 quia
1345 5444 1504 5508 declaratur,
1524 5448 1561 5500 ita
1580 5449 1661 5502 etiam
1685 5451 1720 5502 ob
1752 5455 1833 5508 vitam
1872 5467 1968 5527 postea

275 5556 328 5602 roe.
346 5542 382 5596 tte
400 5541 433 5596 ad
452 5540 520 5593 bauc
538 5538 687 5592 cautionem
704 5537 783 5590 etlam
802 5534 831 5588 in
850 5531 1037 5588 criminalibus
1055 5533 1089 5586 dc
1138 5541 1221 5584 autam
1234 5533 1365 5586 sententia
1378 5532 1546 5586 declamatoria
1562 5535 1659 5589 iterum
1674 5539 1845 5605 rescinditur,
1860 5543 1886 5595 si
1902 5545 1963 5598 scil.

275 5623 464 5683 consuetudine
481 5629 554 5676 aclur
572 5630 679 5694 propter
696 5619 780 5674 eitam
804 5625 961 5673 curcurlum
978 5613 1091 5668 admitti·
1140 5627 1200 5687 pnst
1217 5617 1423 5672 declarationem
1440 5618 1473 5670 ad
1492 5618 1630 5673 meliorem
1650 5619 1752 5692 irngem
1773 5641 1802 5677 se
1819 5629 1966 5697 receperit.

273 5723 323 5767 tur.
341 5712 366 5765 b.
385 5709 529 5763 Bruuneua.
542 5707 569 5762 d.
581 5706 600 5758 1.
612 5723 638 5776 q·
650 5715 689 5757 tt.
1139 5700 1191 5754 aid.
1211 5699 1280 5753 inira
1299 5720 1355 5769 cup.
1375 5704 1424 5756 ult.
1443 5721 1471 5755 ιι.
1493 5714 1516 5754 4.
1537 5701 1676 5758 Caeterum
1696 5717 1797 5761 tutores
1816 5709 1960 5766 honorarii

310 5790 539 5865 Quemqmdnm
559 5797 646 5846 aotam
663 5787 724 5844 uita
749 5786 815 5842 dene
844 5793 907 5842 crta
930 5801 946 5834 a
967 5780 1088 5836 cautione
1140 5781 1168 5836 iu
1187 5793 1304 5838 tutorum
1321 5783 1567 5842 administrantium
1581 5787 1664 5846 citum
1678 5799 1704 5845 et
1717 5808 1806 5846 mures
1820 5794 1963 5868 inquirere
