4338 6240
300 290 393 362 caepa.
408 310 436 355 p·
457 302 480 348 t.
497 309 520 350 ι.
541 302 584 348 ιι.
602 291 628 348 ai.
647 300 690 346 st.
708 289 781 348 tint.
796 299 822 344 ι.
834 291 892 346 obs.
909 303 951 346 ιι.
965 308 1024 345 cum
1039 289 1111 357 aliis,

298 394 364 448 quos
381 378 506 448 allegatos
522 379 614 434 ridere
630 379 694 432 licet
709 375 781 448 apud
806 375 868 432 iob.
898 375 968 429 Pbil·
993 375 1032 428 ud
1055 376 1113 430 dec.

299 477 366 514 nov.
386 473 410 513 ι.
428 461 484 514 uis.
505 475 529 514 ι.
549 481 576 515 ιι.
597 474 620 514 ι.
638 470 802 524 statuentes,
818 459 955 513 mulierem
969 458 1019 514 lice
1033 459 1112 513 modo

300 544 441 598 enitentem
454 545 602 613 privilegiis
614 545 670 597 suis
681 545 721 597 uti
732 560 785 596 nou
800 557 889 612 posse,
903 541 1011 596 ridetur
1023 541 1112 604 enim,

299 644 386 682 utores
403 628 490 682 mariti
509 629 679 700 adpmbando
697 628 793 680 iisdem
826 627 905 680 tacite
935 626 1114 680 renunciasse.

298 717 397 768 Verum
412 715 517 769 isthanc
528 714 680 769 seuteuiam
696 713 799 767 ratione
811 712 936 776 destitui,
953 711 1048 764 asserit
1062 731 1114 764 ma·

297 801 365 874 quii.
382 800 427 854 du.
447 800 549 854 Brunn.
565 819 587 854 c.
610 811 632 852 t.
650 803 677 854 d.
697 812 720 852 t·
742 817 769 851 a·
791 811 816 850 ι.
835 808 914 866 atque
933 795 996 850 binc
1010 807 1115 849 eontra-

298 883 353 947 sia,
372 894 504 954 tamquam
521 884 650 954 aequior,
670 883 698 934 in
719 881 833 935 saxonia
860 890 966 950 recepta
995 889 1037 933 est
1066 895 1115 950 per

300 967 380 1022 duris.
399 967 496 1021 noviss.
516 981 540 1020 ι.
560 977 632 1031 tum,
650 966 712 1036 quia
726 967 773 1018 boc
793 981 854 1017 casu
874 964 971 1018 mulier
984 964 1067 1033 magis
1080 965 1112 1016 ad

297 1066 445 1121 personam,
461 1068 538 1120 quatu
559 1051 624 1103 bona
643 1058 669 1102 et
689 1048 831 1101 facultates
851 1048 942 1100 auariti
963 1047 1114 1119 respexisse

298 1134 416 1197 ridetura
439 1145 510 1196 tuna,
528 1134 588 1204 quia
610 1133 773 1188 renunciatio
793 1145 924 1203 tamquam
937 1132 1027 1186 odiosa
1047 1151 1113 1186 nutt-

297 1234 376 1286 quam
394 1218 423 1267 in
440 1220 497 1284 jure
514 1217 708 1286 praesumitur,
729 1216 882 1284 praesertim
910 1215 933 1266 si
952 1217 1002 1270 alia
1027 1218 1114 1286 possit

297 1301 354 1371 eapi
373 1302 536 1368 conjectura,
554 1299 633 1352 Coni.
654 1299 774 1370 Ptttippt
795 1300 834 1354 ud
849 1299 897 1354 ull.
909 1299 992 1352 decb.
1010 1299 1068 1350 obs.
1089 1311 1113 1351 ι.

296 1381 377 1436 blodo
396 1392 481 1435 tamen
500 1399 566 1435 uxor
584 1384 611 1434 iu
633 1383 694 1434 dolo
718 1401 770 1435 uon
799 1393 934 1446 versetur,
961 1400 1013 1434 uec
1045 1381 1113 1435 botta

299 1466 425 1519 maritum
444 1476 553 1519 strenue
569 1466 709 1538 prodigere
727 1466 815 1531 juret,
835 1465 884 1518 boe
902 1466 973 1518 enim
990 1468 1012 1520 si
1028 1487 1041 1518 a
1057 1483 1113 1520 ere·

297 1548 441 1612 ditorlbus,
458 1547 617 1617 quibuscum
637 1548 670 1600 de
688 1547 825 1616 prioritate
857 1562 973 1617 pugnat,
1003 1551 1113 1619 probari

297 1634 395 1705 possit,
415 1632 554 1702 privilegio
571 1633 661 1701 aliquo
680 1631 758 1701 digna
788 1633 942 1700 neutiquam
974 1642 1115 1700 cerasetur,

297 1717 349 1772 vid.
368 1719 415 1770 att
431 1717 511 1772 decis.
530 1717 559 1768 ia
568 1715 658 1787 finer

230 1815 262 1857 ts
334 1803 363 1855 Si
383 1802 477 1853 marito
496 1799 609 1853 lendalia
627 1799 694 1852 bona
712 1795 862 1868 possidenti
883 1795 965 1848 nubat
984 1794 1112 1862 ioemiua,

298 1885 365 1939 bene
381 1886 432 1938 sibi
449 1883 583 1948 consulet,
602 1882 626 1934 si
645 1901 659 1933 ι
677 1883 722 1933 tali
743 1882 836 1934 marito
855 1880 939 1932 adbuc
958 1880 1018 1934 vivo
1039 1880 1114 1932 dota-

295 1971 383 2024 litium
402 1968 454 2021 sibi
472 1965 601 2021 constitui
620 1973 702 2016 curet.
723 1963 798 2032 Quod
818 1963 842 2014 si
862 1962 895 2013 ab
911 1980 943 2014 eu
970 1963 1114 2032 impetrare

298 2071 351 2106 nou
369 2052 467 2123 possit,
486 2052 594 2122 ipsaque
612 2049 701 2099 distem
725 2064 798 2099 suatn
830 2047 938 2098 realiter
971 2048 1113 2112 intulerit,

298 2139 398 2192 uariosa
415 2153 471 2189 esse
489 2137 580 2198 debet,
599 2135 730 2204 quomodo
749 2133 859 2185 maritus
877 2131 963 2185 dotem
976 2135 1114 2205 impende·

235 2229 263 2272 ts
300 2224 351 2287 rit,
371 2231 448 2274 etan
468 2221 496 2272 in
519 2219 590 2272 leudi
614 2219 759 2270 utilitatem
780 2214 898 2268 eamdem
919 2219 1037 2272 verterit.
1058 2223 1114 2273 llor

299 2307 322 2357 si
340 2303 516 2358 observaverit
528 2311 554 2354 et
570 2312 623 2353 tam
639 2304 735 2353 reatem
750 2300 820 2352 dotis
834 2301 980 2354 illationem
998 2303 1114 2376 (quippe

298 2407 374 2459 quana
393 2387 446 2440 solu
468 2384 556 2438 mariti
574 2384 721 2453 quietantia
741 2385 817 2438 uxori
837 2383 894 2438 data
912 2377 940 2435 iu
960 2396 1112 2453 agnatorum

298 2471 488 2544 praejudicium
508 2485 560 2522 uon
580 2468 689 2538 probat,
708 2467 837 2536 Carprov.
860 2485 886 2533 p.
917 2478 941 2517 t·
963 2481 1050 2522 const.
1071 2483 1111 2526 tt.

297 2558 323 2610 d
345 2569 384 2608 tn.
402 2557 470 2606 Mea.
486 2572 512 2623 p.
530 2565 553 2605 s.
572 2552 597 2604 d.
621 2561 660 2602 tt.
680 2551 733 2603 uisi
752 2550 867 2604 foemina
889 2551 919 2604 in
938 2556 1111 2623 supplemen-

296 2655 348 2697 tum
367 2637 511 2705 iuraverit,
530 2637 597 2690 Μιι.
616 2653 642 2702 ρ.
662 2647 686 2687 ι.
705 2634 733 2686 d.
752 2636 812 2705 ιι.)
829 2651 907 2704 quant
920 2637 1067 2690 versionem
1083 2638 1111 2690 in

298 2725 403 2780 feudum
424 2721 536 2792 probare
552 2717 649 2789 possit,
667 2719 722 2786 ungi
743 2728 866 2787 poterunt
883 2720 972 2786 agnati
992 2721 1025 2771 ad
1051 2739 1112 2773 oon·

297 2805 460 2862 stitnendum
479 2803 570 2857 riduae
590 2802 755 2864 dotalitium,
775 2801 883 2853 etiamsi
898 2800 969 2854 inter
984 2803 1111 2855 maritum

299 2904 326 2945 et
342 2907 449 2942 uxorem
468 2888 501 2941 de
518 2904 548 2938 eo
566 2885 637 2938 nituit
655 2895 764 2949 actattn,
796 2883 919 2956 Carpsor.
937 2904 963 2952 p.
984 2895 1008 2937 ι.
1026 2901 1047 2938 e.
1070 2895 1111 2936 tt.

298 2978 324 3030 d.
339 2990 360 3028 t.
380 2979 447 3027 Mar.
460 2991 485 3038 p.
499 2984 523 3024 ι.
538 2971 562 3024 d.
580 2979 675 3023 subu.
686 2980 716 3031 ι.
732 2971 786 3022 Du.
802 2973 907 3024 Praeses
920 2970 949 3022 in
964 2981 995 3023 tr.
1008 2971 1040 3024 de
1053 2989 1112 3025 rne-

298 3075 362 3113 ress.
374 3059 407 3110 ui
420 3057 509 3108 intest.
522 3072 544 3107 r.
558 3065 583 3107 ι.
595 3051 670 3107 artie.
686 3065 711 3104 ι.
726 3072 752 3107 ιι.
766 3065 790 3106 ι.
807 3063 833 3107 ιι
845 3070 917 3124 seqq.
931 3063 957 3104 et
971 3053 998 3105 in
1018 3072 1109 3106 exuar.

297 3142 463 3216 J'ur.settdu1.
475 3159 497 3194 c.
513 3151 554 3190 tt.
567 3159 613 3209 qu·
627 3151 652 3190 ι.
664 3147 690 3190 ιι
707 3149 747 3191 ιι.
765 3135 798 3191 Et
817 3137 937 3207 quamvis
952 3138 1111 3208 sintaliqui,

298 3231 344 3300 qni
362 3226 489 3281 tersinnis
517 3224 700 3294 probationem
720 3233 744 3275 et
767 3232 959 3290 cousequenter
990 3223 1111 3276 mulieris

297 3315 478 3369 cetriositatem
498 3308 670 3361 necessariam
688 3324 741 3359 uun
760 3323 817 3358 esse
835 3318 981 3372 autument,
995 3310 1041 3360 sed
1055 3326 1111 3361 ver-

297 3402 398 3455 sionem
418 3396 551 3467 praesumi
568 3395 674 3458 dicant,
694 3394 773 3444 modo
791 3394 869 3444 realis
885 3393 969 3445 illatio
984 3394 1017 3446 ab
1028 3411 1112 3447 uxore

298 3485 402 3558 probata
420 3483 471 3546 tit,
491 3481 524 3533 ita
544 3489 575 3531 ιιι
604 3477 768 3530 cotatrariuna
802 3477 982 3530 asserentibus
1012 3483 1112 3548 agnatis

296 3567 414 3640 probatio
432 3565 583 3626 incumbat,
612 3563 718 3613 illorum
738 3561 869 3613 sententia
891 3570 994 3627 tamen,
1012 3563 1047 3614 ob
1065 3564 1108 3615 ni·

295 3653 380 3706 mium
397 3657 552 3718 sanaturum
572 3662 732 3715 gravamen,
752 3644 830 3696 dubia
849 3645 952 3698 videtur
968 3645 1012 3698 du.
1032 3647 1110 3700 Prae-

294 3735 346 3792 aidi
365 3734 394 3786 ia
408 3732 434 3784 d.
446 3742 523 3785 tract.
539 3731 587 3786 att.
601 3731 619 3780 l.
639 3747 666 3781 ιι.
697 3740 737 3778 to.
761 3727 824 3779 lieet
843 3727 961 3780 eamdem
982 3733 1008 3781 iu
1030 3733 1107 3800 praxi

295 3827 426 3889 receptam
444 3831 502 3872 este
519 3811 644 3868 concedat
662 3811 690 3862 itt
711 3826 804 3864 etum.
825 3809 983 3880 jurisseud.
997 3813 1022 3864 ai.
1035 3814 1053 3864 Ι.
1065 3835 1111 3886 qn,

298 3917 338 3958 tt.
356 3899 431 3956 Cani.
449 3901 518 3951 Mer.
535 3916 561 3968 p.
583 3907 607 3948 ι.
626 3893 651 3948 d.
675 3905 735 3946 sat.
753 3892 778 3945 b.
804 3894 850 3946 du.
872 3893 971 3947 brunu.
997 3907 1065 3951 cent.
1087 3909 1110 3952 t.

297 3983 466 4056 iniusta.

329 4070 397 4143 Quia
416 4083 477 4124 vero
495 4065 523 4116 irt
541 4060 754 4118 contrahentibus
772 4057 853 4120 etiam
874 4063 944 4130 leges
968 4063 1107 4116 curiosita-

295 4171 347 4213 tesa
365 4155 520 4226 quondoque
539 4149 706 4210 desiderant,
738 4145 782 4198 dn.
803 4147 893 4199 Stena.
911 4145 938 4198 in
963 4159 1035 4218 synt.
1048 4149 1107 4219 jur.

292 4245 340 4302 aias.
358 4259 401 4295 ete.
422 4249 461 4290 ιι.
481 4238 519 4288 td.
538 4244 580 4288 ιι.
600 4231 754 4304 progredior
772 4247 842 4283 natue
859 4233 892 4283 ad
906 4241 1066 4297 contractus,
1081 4244 1107 4285 et

294 4325 399 4400 quidem
420 4321 495 4381 iilos,
513 4317 561 4388 qui
580 4317 613 4368 ad
633 4315 673 4368 sui
696 4313 946 4367 consummationem
959 4314 1000 4368 rei
1020 4313 1105 4368 iuter·

292 4423 394 4470 aestum
413 4405 565 4476 requirunt,
584 4415 696 4470 quorum
717 4399 822 4469 primus
836 4407 876 4450 est
889 4408 1034 4451 contractus
1049 4415 1106 4451 nau-

292 4497 340 4556 tai.
361 4495 390 4548 in
410 4491 474 4552 hoc,
492 4485 613 4558 quamvis
627 4484 786 4553 regulariter
801 4482 841 4547 is,
855 4482 900 4550 qui
915 4481 975 4546 dat,
988 4483 1105 4550 quoilie,

289 4583 334 4656 „t
352 4577 459 4649 acuiqtit,
479 4571 617 4644 pecuniam
636 4578 838 4636 consumpturus
852 4567 900 4628 sit,
913 4579 1037 4635 quaerere
1051 4581 1103 4618 non

290 4669 396 4726 mr,
415 4669 491 4732 prout
504 4655 622 4724 loquitur
636 4650 730 4704 Cicero
741 4667 791 4718 pru
807 4649 920 4704 Rabirio
936 4649 1102 4715 Postltunao,

288 4761 316 4806 et
333 4745 477 4804 versionem
493 4740 519 4792 iu
535 4737 680 4790 utilitatem
693 4736 851 4806 accipientis
863 4737 977 4805 probare
990 4753 1042 4788 non
1058 4737 1103 4790 lta-

230 4894 235 4903 ,
289 4835 348 4892 sant
363 4843 445 4900 opus,
467 4825 493 4877 b.
511 4823 555 4874 alu.
576 4819 681 4874 Bruun.
698 4819 726 4872 in
748 4839 791 4890 pu.
811 4819 851 4873 ad
869 4821 1002 4876 Weseub.
1015 4821 1057 4874 tit.
1070 4821 1102 4874 de

288 4909 449 4973 sabrmdt't.
467 4925 509 4978 qu·
531 4917 573 4959 ιι.
592 4915 630 4958 est
646 4905 719 4956 euim
747 4903 811 4958 haec
844 4905 967 4976 probatio
998 4907 1101 4978 oppido

288 4995 422 5056 uirilis,
442 4989 506 5046 adeo
524 4998 554 5041 ιιι
574 4987 720 5058 impertiet·
737 4985 769 5046 in
788 4995 809 5051 ι.
830 5001 854 5042 ι.
872 4991 935 5044 inst·
952 4991 1101 5061 quodcum

897 192 1180 252 menusanum.
1198 195 1314 252 CdPUT
1332 193 1379 249 Ν.

1869 193 1922 250 boc

1195 291 1228 346 Et
1246 293 1328 347 initio
1344 289 1454 362 quidem
1473 309 1527 346 non
1556 293 1778 366 praetereundum
1805 296 1876 362 erit,
1906 291 1975 348 olim
2013 295 2044 339 Ν

1161 393 1211 448 per
1227 379 1310 448 legem
1328 376 1464 447 gabinium
1482 377 1663 434 curiositatem
1685 381 1827 450 qnamdam
1846 375 1978 432 credituri

1162 461 1323 516 incubuisse.
1342 462 1457 517 vetabat
1473 461 1572 534 quippe
1591 461 1635 516 illa
1653 465 1695 534 jus
1715 464 1769 516 dici
1799 463 1835 518 de
1863 459 1977 532 pecunie

1163 545 1211 600 sub
1229 545 1319 600 usuris
1338 555 1443 616 sumpta
1461 563 1510 618 per
1528 562 1670 611 uersuram,
1701 547 1730 602 'nt
1760 556 1819 610 est,
1845 557 1873 598 ut
1892 563 1926 598 es
1946 563 1978 598 ea

1162 632 1271 702 pecnnia
1290 632 1454 685 solae-rentur
1474 647 1568 684 usurae
1584 631 1629 683 alii
1650 631 1765 684 debitae.
1784 629 1870 700 Atque
1883 629 1933 680 hoe
1945 644 1981 682 ιι

1162 731 1193 766 ιιι
1210 714 1324 779 ratione,
1343 731 1377 766 ne
1393 715 1483 766 usuris
1499 714 1677 767 obruerentur
1693 713 1796 782 inopes.
1818 721 1856 765 -ιι
1886 727 1979 764 usuras

1163 815 1300 850 usurarum
1315 799 1359 851 uni
1374 799 1520 852 soluturum
1529 797 1606 852 alteri
1619 798 1720 851 solvere
1733 806 1897 861 tenerentur,
1909 795 1982 867 qnu'd

1164 884 1220 949 jura
1239 898 1291 934 non
1310 881 1472 944 admittunt,
1492 881 1546 934 vid.
1563 883 1581 932 i.
1602 891 1632 934 nt
1649 880 1724 932 nullo
1745 879 1825 932 modu
1847 889 1890 932 ιι.
1909 879 1982 932 nde

1163 965 1259 1022 usuris.
1279 966 1350 1018 lliuc
1369 967 1422 1018 nisi
1439 965 1556 1018 creditor
1574 965 1654 1018 sortis
1668 965 1813 1034 periculum
1828 963 1980 1028 incurrere,

1163 1060 1190 1103 et
1206 1048 1306 1102 crediti
1325 1051 1365 1114 jus
1383 1049 1508 1100 amittere
1527 1047 1620 1111 vellet,
1638 1047 1761 1100 curiosus
1778 1063 1836 1099 esse
1854 1046 1980 1110 debebat,

1162 1149 1195 1183 an
1213 1130 1244 1181 ad
1265 1128 1401 1180 solvendas
1420 1129 1495 1182 alteri
1512 1143 1603 1180 usuras
1616 1139 1735 1180 mutuum
1751 1136 1853 1196 peteret
1864 1127 1981 1192 debitor,

1162 1214 1214 1267 tid.
1234 1210 1440 1267 Godoir.ud1.
1464 1221 1502 1262 ts.
1511 1207 1554 1276 ff.
1573 1209 1605 1261 de
1631 1209 1776 1262 novutioa.
1810 1221 1836 1262 et
1866 1209 1983 1276 detegar.

1164 1299 1279 1358 Verum,
1299 1313 1358 1346 curn
1379 1293 1443 1346 baec
1461 1292 1518 1356 lex,
1537 1291 1608 1360 quud
1626 1291 1786 1357 dolendum,
1804 1293 1921 1364 amplius
1939 1291 1985 1344 six

1162 1380 1330 1446 observetur,
1350 1378 1435 1433 eidem
1456 1377 1558 1430 diutius
1578 1395 1631 1430 non
1649 1377 1784 1432 immoror.

1199 1463 1386 1516 Curiusitatem
1408 1478 1470 1532 porr
1507 1461 1615 1530 exigunt
1633 1463 1693 1531 jura
1713 1460 1746 1514 ab
1766 1481 1813 1527 eo,
1833 1463 1879 1534 qui
1897 1461 1984 1517 adrni-

1162 1547 1351 1600 nistratoribus
1369 1546 1509 1601 ciuitatium
1529 1556 1647 1600 mutuam
1669 1547 1747 1603 solrit
1765 1548 1904 1618 pecuniam
1923 1549 1951 1600 in
1963 1549 1982 1600 t.

1164 1629 1260 1686 uiuitur
1280 1627 1372 1697 suff.
1390 1631 1425 1684 de
1438 1631 1484 1684 rei
1507 1631 1601 1684 credit.
1614 1630 1679 1683 Cum
1693 1629 1768 1684 enim
1778 1628 1984 1682 administrator

1163 1716 1296 1766 eiaitatean
1322 1716 1455 1784 obligare,
1475 1727 1501 1770 et
1520 1714 1702 1767 conditionem
1725 1716 1789 1781 ,ejus
1819 1713 1982 1768 deteriorem

1164 1795 1249 1850 iacere
1268 1810 1399 1867 nequeat,
1420 1802 1497 1852 Zoes.
1518 1796 1599 1865 stiffi
1614 1799 1654 1850 tir.
1667 1797 1700 1850 de
1713 1798 1769 1851 reb·
1786 1797 1884 1850 vteredii.
1897 1817 1925 1850 ιι.
1940 1807 1984 1850 ιι.

1162 1897 1195 1934 ne
1212 1882 1374 1934 occasionem
1394 1884 1462 1950 juris
1481 1882 1512 1934 ad
1534 1883 1655 1951 iniquum
1676 1883 1765 1938 trahat
1783 1882 1984 1951 compendium,

1162 1965 1232 2017 etad
1244 1965 1354 2034 quadris
1375 1974 1495 2016 mutuum
1513 1966 1601 2032 sigillo
1614 1964 1732 2016 civitatis
1745 1964 1875 2026 abutatur,
1889 1961 1986 2032 caepa.

1160 2065 1188 2115 p.
1203 2059 1225 2098 ι·
1239 2066 1263 2101 e.
1279 2060 1303 2100 ι.
1316 2052 1343 2100 d.
1360 2061 1399 2100 ts·
1412 2066 1441 2098 n.
1458 2059 1480 2096 t.
1492 2058 1519 2101 et
1539 2060 1562 2100 ι.
1582 2047 1661 2099 aliter
1679 2047 1771 2116 utique
1790 2047 1874 2114 jurari
1894 2046 1984 2098 credi-

1166 2141 1222 2194 tor,
1236 2131 1281 2201 qui
1295 2133 1475 2186 nihilominus
1487 2131 1616 2199 ejusmodi
1631 2129 1843 2184 administratori
1857 2130 1986 2195 eredidit,

1164 2215 1232 2267 baud
1253 2219 1367 2286 poterit,
1385 2235 1464 2286 quam
1483 2218 1505 2268 si
1524 2215 1657 2269 versionis
1684 2214 1865 2284 probationem
1897 2232 1987 2268 susce·

1163 2302 1234 2371 perit
1252 2313 1277 2355 et
1295 2301 1449 2372 perfecerit.
1469 2303 1540 2354 llaec
1558 2300 1630 2351 enim
1652 2299 1675 2352 si
1695 2299 1819 2367 probata,
1834 2301 1889 2368 ipsa
1906 2311 1986 2352 uatu-

1163 2385 1213 2437 rsli
1231 2387 1362 2455 aequitate
1380 2385 1506 2438 suadente
1524 2383 1558 2436 ad
1576 2383 1778 2436 restitutionem
1798 2382 1932 2451 obligatur
1944 2383 1984 2434 ci-

1162 2471 1244 2533 vitas,
1266 2486 1323 2538 arg.
1338 2470 1356 2521 1.
1377 2471 1403 2522 si
1419 2479 1446 2522 et
1465 2487 1507 2522 me
1524 2479 1551 2522 et
1576 2469 1687 2523 Titium.
1707 2479 1752 2522 ιι.
1755 2465 1796 2538 ff
1809 2469 1842 2522 de
1854 2469 1910 2520 rei.
1930 2486 1986 2522 cre·

1161 2553 1207 2606 dit.
1225 2571 1284 2605 cum
1305 2555 1363 2621 iure
1381 2566 1488 2607 naturae
1505 2569 1618 2623 aequm
1636 2554 1688 2615 sit,
1708 2555 1845 2606 nerninem
1868 2569 1928 2606 cum
1945 2554 1986 2606 al-

1161 2637 1241 2691 terius
1260 2639 1358 2706 injuria
1377 2634 1437 2691 fieri
1456 2637 1670 2707 locupletiorem,
1683 2636 1773 2706 distre
1787 2647 1906 2692 noturus
1924 2649 1987 2692 ιοι.

1161 2721 1370 2793 ffldere5.1'ur.
1390 2721 1503 2792 Quando
1522 2737 1583 2774 sero
1600 2730 1626 2774 et
1644 2737 1677 2773 an
1697 2719 1726 2771 in
1744 2720 1818 2774 omni
1833 2733 1923 2774 mutuo
1936 2721 1984 2772 ad·

1161 2805 1389 2859 ministratoribus
1407 2805 1468 2857 dato
1486 2803 1577 2860 versio
1595 2805 1624 2856 iu
1646 2821 1702 2856 rem
1722 2803 1838 2856 ciuitatis
1865 2801 1987 2857 docenda

1162 2888 1267 2940 sitnon
1285 2890 1349 2940 adeo
1367 2886 1520 2958 expeditum
1540 2896 1587 2940 est
1608 2887 1713 2941 drridet
1740 2887 1817 2940 nubis
1848 2887 1923 2940 valde
1941 2888 1985 2940 di·

1159 2971 1265 3025 stinotio
1281 2971 1364 3024 Mevii
1380 2989 1408 3039 p.
1422 2985 1445 3026 ι.
1459 2973 1514 3026 dec.
1529 2982 1589 3024 ιιι.
1602 2973 1651 3024 but
1661 2971 1749 3036 euim,
1769 2972 1907 3041 distinguit
1922 2973 1980 3040 itte,

1160 3057 1252 3109 civitas
1270 3057 1305 3110 iis
1322 3073 1431 3109 otnttem
1450 3057 1480 3110 in
1500 3075 1528 3110 se
1546 3065 1702 3127 potestatem
1723 3055 1809 3122 dedit,
1841 3057 1880 3109 ita
1902 3067 1932 3110 ut
1956 3075 1985 3112 se

1162 3151 1243 3193 totam
1262 3151 1473 3211 repraesentent,
1506 3150 1550 3194 aut
1567 3149 1669 3194 tantum
1688 3141 1729 3194 sui
1761 3151 1874 3195 rectores
1905 3153 1986 3212 atque

1159 3225 1288 3277 bonorum
1308 3242 1414 3278 suorum
1425 3227 1485 3278 adm
1498 3225 1669 3278 inlatratores
1679 3222 1753 3278 iecit.
1765 3227 1809 3277 llli
1824 3227 1911 3280 taient
1924 3238 1984 3279 tan-

1161 3318 1230 3374 turn,
1250 3321 1327 3380 atque
1345 3310 1402 3381 ipsa
1432 3311 1527 3365 ciritss
1559 3313 1617 3364 sive
1643 3313 1801 3364 universitas
1832 3323 1983 3379 congregata

1161 3404 1261 3464 possete
1279 3405 1307 3447 et
1324 3394 1546 3465 quemadmodum
1565 3395 1627 3447 haec
1644 3397 1730 3448 valide
1748 3398 1926 3458 contraheret,
1941 3395 1980 3450 its

1161 3477 1193 3527 ab
1211 3478 1245 3528 iis
1259 3478 1340 3530 etiam
1353 3488 1409 3531 acta
1424 3480 1529 3542 ualent,
1541 3489 1685 3532 etumnem
1701 3480 1836 3533 civitatem
1854 3479 1983 3549 obligant,

1161 3558 1238 3611 modo
1256 3561 1326 3613 nihil
1344 3561 1378 3614 sit
1394 3561 1555 3616 eontrarium
1574 3563 1675 3632 iegibus
1697 3574 1742 3618 aut
1772 3561 1822 3616 tint
1852 3565 1979 3628 civitatis,

1159 3645 1199 3697 rel
1218 3645 1301 3696 menti
1320 3659 1419 3709 eorum,
1439 3647 1488 3715 qui
1507 3647 1591 3700 seira
1619 3649 1796 3716 subjecerunt.
1829 3649 1906 3703 Cisra
1932 3649 1981 3702 isus

1159 3725 1302 3780 ridendum
1318 3739 1366 3788 est,
1385 3745 1418 3780 an
1436 3739 1515 3796 agant
1529 3730 1569 3782 rel
1585 3732 1742 3785 contrahant
1753 3729 1846 3784 oibcio
1860 3750 1907 3786 suo
1917 3747 1981 3784 cun·

1161 3809 1292 3862 venientia
1315 3821 1343 3862 et
1361 3811 1557 3875 incumbentia,
1578 3830 1611 3866 an
1630 3823 1706 3866 extra
1726 3816 1784 3882 eius
1802 3815 1911 3870 limites.
1933 3819 1982 3870 ttto

1158 3910 1217 3946 casu
1234 3896 1326 3948 civitas
1344 3897 1441 3966 absque
1453 3899 1582 3952 versionis
1594 3899 1750 3969 probatione
1761 3899 1908 3969 obligatur,
1918 3904 1981 3971 quia

1159 3979 1219 4030 dom
1238 3996 1283 4033 eus
1300 3977 1431 4034 officiales
1451 3981 1548 4036 babere
1566 3984 1660 4048 voluit,
1679 3983 1764 4036 soluit
1777 3987 1869 4048 etiam,
1881 3994 1911 4036 ut
1925 3996 1981 4038 rate

1158 4063 1301 4117 habeantur
1321 4067 1519 4135 magistratuum
1540 4075 1614 4133 seta,
1634 4083 1667 4120 ex
1686 4084 1799 4136 quorum
1819 4069 1918 4119 virtute
1936 4068 1981 4120 ds·

1157 4147 1254 4215 pendet
1270 4149 1391 4202 omnium
1409 4149 1484 4220 quies
1505 4161 1533 4205 et
1551 4151 1729 4216 incolumitas,
1749 4154 1821 4205 salvo
1840 4161 1927 4204 brnen
1941 4150 1980 4206 ci·

1157 4231 1240 4298 vitati,
1258 4234 1282 4285 si
1303 4239 1371 4290 laesa
1390 4238 1437 4299 sit,
1457 4237 1634 4291 restitutionis
1666 4237 1802 4295 beneficio.
1834 4243 1892 4294 noe
1919 4257 1981 4296 sero

1153 4329 1215 4366 casu
1232 4328 1277 4370 aut
1293 4320 1371 4372 volun
1379 4330 1433 4374 tate
1453 4337 1559 4386 eorum,
1574 4321 1619 4394 qui
1632 4323 1757 4394 populum
1772 4339 1981 4396 repraesentant,

1154 4400 1245 4467 quales
1262 4422 1303 4458 ιιι.
1324 4423 1363 4475 pr.
1384 4415 1448 4458 sunt
1468 4407 1573 4458 tribuni
1592 4409 1687 4479 piebis,
1706 4415 1884 4477 contrahunt,
1903 4427 1983 4487 etque

1155 4489 1204 4542 boc
1225 4488 1302 4543 modo
1320 4489 1413 4544 itidem
1433 4489 1530 4542 civitas
1548 4489 1663 4561 obligata
1681 4505 1732 4560 est,
1753 4513 1838 4567 neque
1864 4499 1984 4552 docenda

1155 4575 1183 4623 in
1202 4588 1260 4624 rem
1273 4573 1372 4632 tersior
1390 4582 1432 4625 aut
1444 4572 1502 4624 sine
1516 4573 1623 4628 illorum
1638 4578 1814 4649 complacitu;
1828 4592 1854 4634 et
1868 4582 1911 4633 iaie
1924 4601 1979 4638 nou

1152 4655 1272 4724 obligant
1289 4655 1436 4721 civitatem,
1457 4656 1509 4708 nisi
1528 4659 1569 4711 vel
1587 4662 1644 4727 ejus
1663 4662 1819 4732 adprobatio
1837 4677 1865 4719 ιι
1884 4669 1979 4723 ιιιίΙιι-

1153 4739 1218 4792 bitin
1235 4739 1355 4802 accedat,
1375 4755 1416 4792 er.
1434 4757 1472 4809 gr.
1492 4741 1516 4793 si
1533 4759 1566 4794 ex
1584 4753 1720 4797 eutttrantu
1739 4765 1754 4798 a
1774 4749 1837 4801 solis
1857 4749 1979 4803 admini-

1152 4822 1310 4878 stratoribus
1328 4824 1458 4877 eelebrato
1477 4841 1568 4878 usuras
1587 4843 1635 4898 per
1653 4830 1750 4882 multus
1761 4847 1845 4884 sonos
1858 4834 1978 4900 solverit,

1150 4908 1190 4960 rel
1208 4923 1240 4960 an
1262 4906 1289 4958 in
1309 4907 1450 4961 utilitatem
1469 4909 1582 4963 civitatis
1601 4924 1702 4966 versum
1722 4913 1759 4966 sit
1778 4925 1918 4983 mutuum,
1932 4933 1978 4970 eu-

1150 4993 1237 5046 riosua
1256 4991 1472 5060 iueritereditor,
1492 4993 1572 5064 idque
1590 4996 1726 5067 probatum
1746 4997 1861 5054 dederit.

288 5079 435 5152 mealia
456 5075 549 5134 aliena
567 5072 1098 5146 percensumdicatttultissimum,qni
1188 5075 1311 5130 Probatio
1329 5086 1415 5128 autem
1435 5094 1484 5148 pro
1502 5088 1651 5133 contractus
1681 5082 1834 5137 diversitate
1865 5083 1972 5140 diversa
2012 5097 2043 5142 st

290 5185 318 5228 ῃ
333 5165 362 5220 ad
381 5157 570 5216 difficultatem
591 5157 712 5228 perducit
724 5159 866 5230 prubnndi,
882 5163 911 5215 in
927 5179 983 5216 rem
995 5161 1099 5215 domini

288 5263 388 5310 ιιι-ιιι
407 5259 478 5304 rtttt
498 5253 560 5298 tnui
578 5253 665 5298 temen
684 5243 766 5316 aliqui
787 5263 878 5310 casus,
897 5249 924 5301 iu
943 5245 1055 5318 quibus,
1073 5243 1097 5297 si

288 5347 381 5394 *uest
398 5329 462 5383 velit
481 5328 579 5383 habere
596 5327 725 5393 debitum,
745 5333 832 5386 isthoc
850 5351 916 5387 ontis
935 5332 1039 5395 subire,
1070 5340 1097 5384 et

290 5436 319 5476 ns
331 5420 445 5476 miuus
461 5414 488 5466 iu
501 5427 556 5468 rem
569 5413 690 5468 curiosus
701 5431 758 5468 esse
770 5415 848 5470 debet
861 5414 987 5481 creditor,
1002 5415 1096 5484 Carpe.

1148 5161 1297 5229 requiritur.
1319 5161 1410 5215 Levior
1427 5165 1528 5235 qnippe
1547 5161 1671 5232 staffines,
1691 5168 1714 5220 si
1732 5177 1884 5224 contractus
1906 5171 1934 5223 in
1946 5191 1977 5224 u·

1147 5243 1273 5297 tilitatem
1292 5244 1408 5298 civitatis
1426 5246 1613 5318 principaliter
1628 5250 1726 5312 initura
1746 5254 1849 5322 gravior
1862 5269 1922 5308 reru
1935 5273 1977 5310 re·

1146 5327 1276 5400 quiretur,
1296 5328 1317 5380 s't
1337 5345 1390 5381 non
1407 5345 1437 5382 ea
1456 5330 1508 5383 init
1520 5333 1736 5388 ootttraiteutium
1751 5339 1878 5406 intentio,
1890 5353 1919 5395 ut
1934 5345 1975 5396 ei·

1146 5414 1220 5466 vitati
1240 5423 1412 5476 mutuaretur,
1431 5415 1501 5465 Μιι.
1518 5428 1546 5480 p.
1566 5425 1590 5466 s.
1608 5415 1664 5470 dee.
1680 5429 1739 5472 ιιι.
1753 5419 1830 5474 cont.
1850 5421 1975 5478 lierlicb

287 5535 305 5556 »-
330 5519 390 5560 eiu
411 5513 435 5554 t.
454 5501 478 5558 d.
502 5510 541 5557 tt·
562 5519 591 5558 ιι.
611 5512 633 5556 ι.
652 5519 718 5574 quos
734 5501 850 5560 breviter
868 5501 1096 5559 recensuisseuuu
1144 5515 1173 5568 p·
1193 5509 1217 5550 t.
1236 5497 1291 5550 dec.
1312 5509 1372 5550 ans.
1391 5499 1448 5551 Hoc
1464 5506 1566 5550 certam
1584 5508 1633 5562 est,
1651 5512 1965 5564 contractumasenatu
2013 5525 2042 5570 aa

280 5585 433 5660 mutabit.

1146 5600 1277 5640 censeam
1295 5585 1393 5641 cisium
1411 5584 1572 5644 celebratum
1590 5603 1648 5641 esse
1665 5587 1695 5642 iu
1714 5589 1798 5647 dubio
1816 5609 1870 5648 nou
1896 5611 1971 5668 prae·
