4404 6242
242 169 294 242 „2
656 159 705 216 oa
724 161 800 218 stt.
817 162 918 218 enan.
937 161 975 219 ns
993 165 1147 224 sunrcns
1168 165 1419 224 ammonent.
1772 169 1824 238 nt

74 294 77 300 ¹
108 283 146 328 ts
182 257 1004 338 lsodeappnritpraes.pratellinotamenbicnotenduna‚
1057 263 1145 316 Pcrex.
1164 257 1638 334 adsit-c.deappor.com·orient.
1656 278 1685 317 ιι.
1704 260 1825 318 &Unde
1844 273 1873 318 at

179 369 286 408 menon
299 367 375 424 posse
386 350 448 418 eligi
458 365 489 404 ex
504 348 617 418 collegio
630 347 773 416 pistorum,
782 344 1004 400 naviculariorum
1055 357 1141 398 certus
1161 362 1285 400 ιιιιιιιιιιιι
1302 349 1362 416 jore
1387 364 1408 399 r.
1434 345 1484 401 luit
1507 346 1703 419 praescriptas,
1722 345 1875 418 proconsuli

178 436 291 506 aliisque
308 433 463 506 corporibus
480 433 499 486 l.
522 443 544 485 t.
562 442 589 486 es
604 441 628 482 t.
638 447 663 484 e·
676 429 710 484 ds
722 445 819 498 appar.
829 447 959 500 procons.
972 450 1005 485 nc
1053 428 1163 498 quidem
1183 440 1241 482 too.
1263 431 1433 501 apparitores
1452 423 1589 502 deputati,
1603 429 1695 484 comiti
1710 449 1771 486 eero
1783 432 1871 486 orien-

179 519 261 574 eerils
279 517 358 574 rebus
376 517 475 572 intenti
501 535 557 574 rem
581 515 636 569 sibi
663 515 833 570 commissero
853 517 1005 584 negligent,
1056 513 1091 565 tis
1113 526 1174 568 ooo.
1192 516 1328 578 concessi,
1348 524 1387 569 tot
1405 531 1501 586 nempe
1518 523 1574 568 tum
1593 514 1710 586 publicis
1730 516 1873 570 necessita·

180 621 230 660 ttec
250 603 382 660 detractos
402 603 454 658 eibi
467 619 537 668 esse,
551 601 621 673 reip.
633 601 752 654 membre
770 609 931 678 quaerantur
949 601 966 652 l.
981 611 1007 653 a.
1060 597 1131 648 tibus
1155 597 1259 652 abunde
1277 595 1400 653 sulficere
1424 611 1581 654 censuerunt
1604 598 1727 672 intpp-l·
1753 609 1778 654 t.
1802 618 1826 656 c.
1845 600 1876 656 de

107 713 141 761 u
181 696 204 739 t.
223 685 249 739 d.
259 697 278 739 t.
290 685 396 740 Deinde
409 695 435 740 et
446 686 495 738 boe
510 682 720 749 observandum,
734 701 769 736 nc
782 681 896 736 nimium
915 700 1005 737 eorum
1057 698 1150 752 appar.
1167 699 1242 752 proc.
1257 683 1274 737 l.
1288 702 1334 738 ιιιι.
1345 699 1369 736 s.
1381 701 1443 756 app.
1456 701 1525 738 com.
1538 684 1635 740 oriens

182 785 312 822 numerus
330 778 471 839 augeatur,
490 780 515 822 et
535 769 557 822 si
580 765 712 840 superflui
730 775 791 820 sunt
808 761 948 830 officiales,
966 767 1007 818 rii·

181 851 327 920 nttteott,
348 870 382 907 ne
400 851 444 906 bis
461 862 594 908 oneretur
611 851 718 924 potius,
736 851 1007 924 quamintrturresp.
1344 851 1368 906 Τ
1387 849 1407 904 d
1426 851 1452 906 N
1470 851 1493 906 'l'
1511 851 1535 908 U
1553 854 1594 906 lli·

606 1029 941 1108 orseusnrto
965 1029 1175 1112 uncina
1201 1029 1445 1108 sonnino

505 1216 607 1328 tots
661 1215 859 1328 otono
913 1215 1566 1343 annuntiationis.

757 1443 811 1488 ets
835 1441 977 1490 1··JUBH
1001 1443 1084 1488 ANNO
1108 1443 1308 1490 noctxthu·

860 1605 1205 1650 RESPONDBNTB

542 1738 1096 1826 GEORG.-SCIIOENE1C11E‚
1120 1739 1353 1812 BEUTII'EN.
1379 1743 1520 1814 SILES.

753 1918 1312 1964 ---“ΕἏΜΕΒ-“*““

868 2093 1188 2164 PRAEFAMEN.

197 2221 497 2350 Aernulationem
521 2275 609 2364 tibi,
632 2273 742 2346 lector
763 2273 948 2361 herseela,
971 2297 1141 2432 propono,
1164 2301 1217 2346 an·
1231 2278 1501 2352 consideratione
1519 2282 1642 2392 digna,
1667 2277 1793 2378 judicio
1815 2298 1873 2352 mo

195 2375 280 2444 rolin
311 2394 364 2440 uo.
389 2369 553 2438 Vivimus
569 2391 648 2436 sane
668 2370 704 2436 in
728 2369 903 2452 societate,
930 2389 1028 2432 nemu
1044 2368 1167 2436 ationis
1196 2383 1323 2454 matre,
1351 2397 1437 2464 quae
1461 2391 1527 2442 tam
1556 2375 1739 2460 toccunda,
1764 2395 1802 2443 ut
1824 2389 1875 2444 tos

195 2395 429 2532 aemulationis
451 2460 579 2548 objecta
605 2457 763 2548 producat
774 2507 784 2540 ,
802 2471 885 2550 quot
908 2479 1019 2524 rerum
1044 2457 1267 2548 gerendarum
1291 2461 1378 2530 soret
1401 2467 1596 2533 motiones.
1614 2463 1702 2534 Cum
1720 2491 1798 2535 vero
1820 2491 1876 2536 ηρ.

193 2553 336 2623 mulatio
360 2567 514 2618 nascatur
536 2549 679 2641 quidem
702 2569 748 2614 ex·
766 2547 1021 2638 conjunctione,
1045 2563 1078 2612 et
1100 2545 1209 2613 alatur
1232 2551 1447 2641 aequalitate,
1476 2573 1514 2622 ut
1546 2555 1730 2647 plurimum
1763 2573 1872 2623 „men

192 2643 380 2714 exardescat
412 2639 558 2722 invidia,
591 2639 721 2731 (rcujus
743 2637 818 2705 finis
847 2651 893 2705 est
920 2635 1035 2702 odium
1065 2635 1098 2702 'et
1129 2636 1256 2704 in'nria
1281 2643 1447 2728 proximi,
1472 2657 1673 2714 non'antem
1697 2649 1873 2740 proprium

192 2736 301 2827 ipsius
325 2728 581 2818 commodum,)
604 2753 643 2795 ex
667 2727 804 2796 consilio
827 2727 956 2794 domini
980 2725 1143 2794 Praesidis
1167 2661 1227 2794 boc
1250 2727 1359 2797 thema
1388 2731 1424 2797 in
1454 2758 1507 2802 me
1530 2739 1678 2828 suscepi,
1706 2750 1742 2803 ut
1768 2737 1872 2830 huju,

193 2825 365 2914 malignae
387 2820 624 2886 aemulationis
646 2818 736 2908 (ιιοιι
761 2841 829 2910 qua
854 2817 955 2884 ethici
979 2840 1050 2882 eam
1075 2817 1282 2884 considerare
1304 2837 1436 2901 amant,
1461 2825 1517 2890 sed
1542 2849 1610 2918 qua
1637 2827 1813 2920 praecipue
1836 2830 1871 2895 in

195 2921 270 3010 jure
301 2911 486 3002 notantur)
511 2921 660 2976 naturam
685 2932 754 2975 uno
777 2911 812 2974 in
838 2907 931 2992 loco,
954 2907 1046 2998 quod
1072 2905 1227 2975 hactenus
1251 2908 1371 2977 vidisse
1394 2933 1460 2978 non
1483 2917 1641 3008 contigit,
1666 2917 1895 2987 demonstro..

194 3030 287 3076 rem.
309 3002 375 3070 Sed
412 3003 545 3068 retinam
579 3023 618 3066 ex
651 3015 726 3066 roto
754 2999 833 3066 haec
862 2996 975 3064 omnia
1003 2998 1186 3088 conscripta
1211 2997 1368 3084 luissent,
1391 3019 1492 3092 prout
1513 3001 1614 3096 hujus
1642 3007 1797 3076 materiae
1819 3009 1873 3078 di·

198 3097 304 3190 gnitas
328 3091 533 3160 merebatur.
559 3091 699 3158 Lubens
718 3089 808 3154 enim
833 3087 937 3156 fateor
950 3137 961 3169 ,
995 3087 1099 3154 multa
1129 3087 1194 3154 dici
1225 3090 1403 3180 copiosius,
1432 3091 1525 3183 pluro
1555 3097 1735 3180 concisius,
1758 3101 1896 3172 omnia·

200 3187 335 3266 tersius,
359 3199 393 3249 et
416 3181 594 3266 debuisse,
619 3194 651 3248 et
674 3180 831 3272 potuisse.
857 3179 917 3248 Ast
940 3201 993 3246 me
1012 3196 1202 3245 excusatum
1226 3201 1341 3270 spero,
1363 3183 1389 3248 si
1415 3183 1546 3273 juvenis
1577 3183 1685 3252 adbuc
1708 3189 1744 3252 in
1769 3204 1873 3258 mate.

198 3280 249 3346 ria
274 3275 333 3342 lrac
356 3274 547 3364 gravissima
574 3297 645 3338 rem
669 3293 729 3338 acu
754 3291 821 3336 non
845 3269 998 3362 tetigero.
1023 3268 1166 3336 Secutus
1188 3283 1363 3361 eapropter
1386 3296 1458 3340 atim
1482 3273 1550 3364 ipss
1577 3273 1634 3340 dd.
1660 3279 1816 3369 vestigia,
1839 3291 1893 3348 e„

196 3365 361 3457 conceptis
385 3363 519 3430 illorum
543 3364 652 3430 verbis
697 3359 876 3452 lorumque
899 3383 979 3428 usus
1002 3381 1090 3442 snm,
1116 3383 1159 3426 ne
1182 3383 1315 3428 sensum
1340 3361 1533 3433 immutasse
1550 3362 1677 3450 ridear,
1693 3367 1779 3458 quod
1795 3395 1895 3438 cum·

198 3455 332 3527 laudato
356 3453 488 3546 ubique
512 3472 645 3520 auctore
668 3386 818 3532 licerius,
844 3473 885 3516 ne
908 3449 1010 3542 plagii
1036 3473 1090 3516 me
1114 3450 1301 3535 incumbis,
1324 3475 1386 3518 nec
1409 3454 1569 3520 variantis
1591 3453 1684 3560 stpli,
1700 3479 1742 3522 ne
1761 3459 1876 3564 ingen·

197 3562 250 3616 tae
275 3545 442 3614 dictionis.
469 3543 539 3611 Hoc
561 3543 667 3622 addo,
684 3540 1063 3632 temporis'breritatem
1081 3541 1314 3608 accuratiorem
1337 3539 1571 3610 discussionem
1596 3567 1653 3611 rix
1678 3551 1871 3634 permistae.

199 3641 289 3708 Ante
312 3659 432 3727 pancas
455 3635 544 3701 enim
569 3635 767 3724 septimanas
792 3631 925 3698 demum
952 3628 1154 3696 inclinabam
1180 3631 1215 3696 in
1241 3631 1300 3698 hoc
1324 3631 1536 3721 institntnm3
1556 3633 1647 3726 quod
1674 3637 1771 3726 paulo
1798 3652 1873 3728 poet

197 3732 297 3798 etiam
321 3725 522 3818 sequebatur
550 3725 710 3818 genitoris
734 3721 797 3789 mei
823 3721 1029 3788 mandatnm.
1047 3718 1168 3800 Unde,
1191 3721 1255 3788 nisi
1279 3720 1486 3790 ordinarium
1512 3725 1697 3792 studiorum
1722 3751 1871 3810 cursum,

197 3841 267 3914 quo
291 3815 400 3883 adhoc
423 3814 621 3895 detinebar,
645 3815 891 3902 interrumpere
914 3811 1104 3891 voluissem,
1129 3809 1366 3896 hortantum,
1389 3815 1552 3906 quicquid
1576 3827 1645 3896 est,
1669 3815 1873 3885 elaboratum

196 3935 235 3980 nc
258 3931 324 3975 non
350 3933 390 3974 er
416 3907 528 3997 paucis
549 3904 606 3971 dd.
630 3902 859 3971 voluminibus
882 3913 1073 3994 congestum
1099 3901 1216 3968 sistere
1238 3903 1330 3994 potui
1355 3908 1560 3972 exercitium.
1577 3904 1631 3971 td
1648 3906 1727 3973 haec
1741 3910 1900 3977 animus·

198 3999 404 4070 solummodo
433 3995 514 4079 init,
542 4009 582 4062 ut
605 3991 882 4087 per-illustribus
910 4015 952 4060 oc
979 3991 1249 4080 generosissimis
1276 3992 1421 4062 dominis
1453 3993 1716 4064 barunitanae
1746 3995 1873 4068 Sciron.

199 4089 325 4163 naiclt,
350 4087 501 4155 dominis
524 4087 605 4154 meis
626 4085 908 4179 gratiosissimis,
934 4082 1071 4174 publico
1092 4084 1294 4174 specimine,
1311 4088 1516 4172 studiorum,
1532 4110 1592 4178 per
1613 4086 1874 4178 quadriennium
1887 4129 1895 4140 -·

199 4185 254 4252 hic
287 4179 348 4246 loci
379 4178 565 4260 cultorum,
598 4177 760 4242 rationem
790 4173 980 4252 redderem,
1013 4195 1080 4240 non
1105 4191 1234 4255 autem,
1258 4187 1295 4240 ut
1321 4178 1481 4244 terminos
1502 4177 1553 4243 dis
1580 4179 1737 4250 oracionis
1760 4181 1875 4248 acade.

202 4275 308 4343 micae
327 4267 506 4353 excedens,
530 4269 683 4336 limatum
715 4263 957 4333 conscriberem
986 4273 1172 4330 tractatum.
1201 4263 1316 4356 Quare
1348 4285 1521 4360 postquam
1554 4199 1633 4335 liaeo
1663 4273 1899 4360 cognoveris,

201 4384 347 4458 aequum
371 4383 389 4424 a
413 4374 446 4425 te
470 4357 638 4452 judicium
658 4373 813 4446 expecto,
828 4355 879 4420 sin
898 4353 1030 4437 minus,
1049 4355 1150 4435 scios,
1171 4355 1300 4422 facilius
1323 4381 1390 4424 esse
1413 4382 1562 4448 carpere,
1578 4381 1678 4448 quam
1703 4359 1877 4430 aemulari.

297 4452 496 4530 Caeterum,
519 4449 678 4552 ordinem
700 4445 791 4540 quod
813 4447 962 4522 attinet,
984 4449 1140 4536 sequenti
1164 4443 1323 4550 metltodo
1344 4449 1553 4542 procedam,
1581 4463 1618 4514 ut
1647 4471 1761 4538 agam.
1789 4450 1875 4542 Cap.

204 4545 238 4614 1.
262 4543 318 4613 Do
338 4541 560 4608 aemulatione
585 4561 620 4604 ιιι
646 4559 777 4628 genere.
800 4535 890 4624 Cap.
908 4531 971 4600 11.
996 4533 1049 4599 De
1073 4535 1294 4602 aemulatione
1320 4539 1467 4628 putativa
1493 4539 1593 4607 licita.
1615 4535 1702 4632 Cup.
1724 4539 1804 4606 tlt.
1830 4545 1879 4610 lte

204 4632 425 4702 aemulatione
448 4655 522 4698 eera
549 4629 675 4696 illicita.
693 4625 777 4718 Cap.
796 4625 868 4698 IV.
886 4623 939 4692 De
961 4623 1193 4692 aemulationis
1216 4626 1411 4716 probatione
1433 4641 1466 4698 et
1490 4632 1770 4722 praesumptione.
1790 4631 1877 4724 Cep.

205 4725 255 4800 V.
282 4727 335 4792 tte
356 4721 513 4788 remediis
537 4719 622 4811 juris
643 4716 726 4784 circa
751 4715 1007 4784 aemulationem
1029 4716 1325 4806 competentibus.-

301 4814 483 4896 Teano,
505 4833 634 4878 somme
655 4807 767 4890 Deus,
790 4807 895 4876 adsta
918 4803 1061 4897 coeptis>

879 4972 909 5042 (3
934 4975 964 5041 Δ
988 4972 1017 5041 P
1041 4971 1129 5041 UT
1175 4973 1221 5044 I.-

726 5148 780 5216 De
797 5147 884 5240 jure·
900 5144 1145 5214 aemulationis
1168 5148 1205 5213 in
1227 5171 1362 5240 generes

442 5327 516 5381 ,ςή
528 5327 565 5386 ff
576 5326 614 5380 J!
626 5323 655 5378 A
668 5325 699 5378 ἰι
719 5322 794 5376 Μ·
1070 5317 1271 5374 AErnralationie
1284 5319 1381 5377 cirtae
1396 5339 1420 5374 ιι.
1438 5335 1460 5376 ι.
1477 5333 1504 5378 et
1518 5329 1542 5378 t.

1074 5401 1218 5469 Quomodo
1226 5405 1382 5462 ,aemulatio
1395 5405 1581 5464 instituende?
1593 5427 1620 5464 n.
1635 5419 1659 5462 t.

208 5499 273 5552 Vos.-
287 5495 479 5554 aemulationis
497 5494 651 5548 mediaest.
688 5524 695 5540 ·
718 5501 740 5542 t.
1072 5483 1210 5558 &erepla
1223 5486 1420 5546 aemulationis
1434 5493 1578 5548 essarris.
1591 5511 1620 5548 e.
1634 5505 1658 5546 t.

205 5579 406 5640 simulationis
419 5577 562 5651 decriptio
576 5595 613 5634 ea
622 5571 763 5646 principiis
781 5569 937 5628 morellus.
957 5587 984 5624 ιι.
998 5577 1021 5622 t.
1074 5571 1125 5626 Be
1133 5570 1278 5644 prolirnis,
1292 5583 1349 5628 tam
1361 5575 1436 5630 inter
1445 5594 1580 5648 personas
1590 5578 1752 5651 singulares·
1766 5597 1793 5634 ιι.
1809 5592 1834 5634 s.
