4404 6242
546 87 559 98 ”
608 109 618 148 ,ι

240 269 294 326 585

100 379 132 424 st
178 371 368 434 monebimus,
387 365 504 440 suppleri
522 383 610 440 posse.
628 363 690 416 Vid.
711 360 843 426 Vulteius.
863 357 882 408 t.
905 357 932 410 d·
958 355 998 409 tt

175 459 287 510 alterurn
306 458 375 523 qttotl
396 463 513 526 spectet,
533 449 732 522 uoslpltsbetuut
753 444 899 516 peculium
925 459 984 494 ιιιιι

175 557 303 592 ιιιιιιιιιιι
325 539 405 601 1οιιι,
425 549 467 590 ιιιι
486 555 568 590 ιιιιιιιιι
588 551 619 586 ιι
641 530 776 586 ministris
801 528 857 580 suis
883 528 999 578 sitiones

173 621 306 676 musices-e
325 639 416 690 posse,
442 637 521 673 uerno
546 617 658 688 uegubit.
686 617 822 666 Dusrenus
847 609 876 662 in
901 609 998 677 disput.

175 705 360 759 animadvers.
378 707 397 757 t.
419 717 440 756 t.
459 723 482 758 ι.
504 717 525 756 ι.
548 705 655 772 Quippe
669 696 782 751 solliciti
795 696 884 746 saltim
898 693 942 746 tue
956 709 997 746 tu·

175 807 243 854 mus,
255 808 288 843 ue
307 792 434 842 demetunt
455 789 576 860 pupillus
595 803 629 839 ιι
643 786 739 840 tuteiue
751 782 871 850 gestione
885 780 998 841 seutiet3

174 875 291 943 sulcoque
309 873 332 925 si
351 875 539 926 conuenienter
556 887 599 924 ses
624 871 771 941 pupillum
798 863 1000 918 administretsc

174 955 294 1020 iueriut,
315 957 386 1010 islem
404 958 474 1020 erit,
494 958 549 1010 sice
568 965 640 1008 ιιιιιιι
661 971 708 1022 per
725 969 762 1017 se,
776 951 833 1004 sire
850 948 994 1020 peculium

176 1041 333 1106 coniecerit,
353 1043 510 1110 esstlernque
528 1037 686 1092 reddiderit.
705 1036 815 1106 Quippe
828 1036 864 1084 io
890 1031 998 1086 cetioni-

175 1127 226 1180 bus
243 1124 416 1180 conficiendis
428 1125 519 1179 tritum
534 1124 578 1175 hic
592 1123 707 1190 regulum
721 1121 806 1170 locum
819 1115 925 1179 hebere,
939 1117 997 1168 uul-

176 1210 221 1262 lus
239 1209 353 1262 dubito:
369 1208 444 1278 qnod
460 1207 521 1279 quis
536 1222 586 1274 per
601 1205 686 1260 alium
704 1200 781 1265 seed,
790 1217 840 1270 per
854 1216 884 1252 se
891 1197 1000 1266 ficisse

175 1293 314 1360 portandus
331 1303 387 1345 est..
405 1309 459 1358 urg.
478 1291 495 1342 i.
516 1302 559 1341 tt.
577 1296 599 1350 i.
620 1301 642 1340 ι.
653 1285 693 1356 ff
712 1287 745 1339 de
763 1283 864 1352 acquir.
884 1283 999 1338 burred.

178 1387 207 1430 et
225 1394 249 1429 c.
270 1387 312 1428 ts.
330 1377 362 1427 de
380 1390 403 1428 ι.
421 1374 439 1426 ι’.
458 1373 487 1426 in
501 1382 557 1424 tto.
575 1371 725 1424 Noumturn
745 1369 863 1437 iusuper,
882 1367 906 1418 si
919 1365 999 1418 tectul-

177 1469 242 1514 tstes
261 1460 359 1528 pupilli
380 1473 432 1510 uon
451 1456 516 1508 utleo
534 1472 642 1524 magnes
660 1454 731 1514 siut,
744 1451 899 1522 sdqussum
913 1451 1000 1503 stimi·

178 1541 369 1594 nistruticuem
389 1542 493 1609 saepius
514 1538 710 1610 Anelpltebutos
727 1536 848 1606 recipere
866 1536 999 1597 solemus,

174 1624 281 1676 eusdem
305 1642 352 1692 pcc
371 1623 498 1675 bacillum
517 1619 622 1682 iissurn,
640 1621 733 1674 Germ.
746 1618 930 1682 lieri-Siccis,
942 1617 1001 1686 pic·

179 1725 215 1762 us
233 1710 397 1780 probantem.
415 1707 538 1778 Carpaoe.
556 1723 583 1776 ιι.
605 1716 628 1758 ι.
647 1722 670 1758 c.
685 1713 709 1755 ι.
722 1699 778 1772 des.
790 1714 811 1755 ι.
826 1701 942 1756 rationes
956 1717 1000 1772 ge·

598 265 647 320 nc
663 265 754 323 sune
776 244 1118 328 ιιιιιιιιιῑΐῡιῦιι
1137 248 1242 310 ctuct
1262 255 1365 312 muts
1383 273 1444 316 ιιι.

1051 371 1107 408 ιιιι
1116 371 1203 423 posse,
1219 353 1358 409 morlooou
1372 357 1546 410 turnultuerio
1557 356 1586 412 in
1600 379 1653 416 nno
1661 362 1759 420 bsoillo
1772 371 1873 438 omnies

1049 438 1095 492 sed
1115 439 1143 490 iu
1164 458 1215 494 uuo
1233 449 1348 509 eccepto,
1362 439 1389 491 in
1403 441 1488 493 altero
1500 459 1616 514 expense
1631 447 1716 516 signis
1728 443 1873 523 consigne-

1050 521 1147 574 scrint.
1165 520 1228 574 vit.
1245 521 1353 576 erudita
1367 523 1513 591 disputatio
1527 529 1634 582 subdu.
1655 535 1782 588 Ριιιιίιι
1794 538 1876 592 babi-

1048 615 1078 658 ta
1092 604 1124 658 de
1139 605 1243 657 bacillis
1251 605 1333 674 fissis
1347 625 1370 660 c.
1391 621 1414 660 ι.
1433 627 1461 661 ιι.
1482 620 1525 664 ιι.
1544 611 1598 664 Nos
1616 616 1771 686 cotcptonts
1789 623 1872 688 gretie
1911 637 1941 682 ιι

1048 691 1230 752 annectimus,
1249 693 1425 746 emanationis
1438 709 1527 748 osuses
1539 713 1597 752 esse
1610 698 1745 771 displices,
1758 705 1824 760 elias
1839 723 1872 760 ex

1048 791 1077 827 se
1094 785 1120 827 et
1138 791 1245 846 semper
1264 777 1379 841 habiles,
1398 779 1463 833 alies
1481 798 1534 834 unu
1555 784 1635 844 item:
1653 785 1700 837 sesi
1719 803 1809 843 esrum
1824 811 1869 846 eo·

1047 858 1192 926 gnitioucns
1213 859 1244 912 ed
1264 859 1379 927 iudicem
1400 875 1527 932 spectare,
1545 865 1591 934 qui
1611 866 1753 937 diligenter
1771 889 1803 924 ex
1818 875 1874 928 cic·

1048 960 1108 994 cum
1123 941 1218 995 stiutis
1236 944 1440 998 obvenientibus
1460 946 1608 1015 iudicabit,
1631 967 1666 1004 un
1694 957 1873 1012 excusationis

1047 1041 1139 1078 ιιιιιιιι
1151 1024 1205 1079 sint
1215 1026 1402 1098 opprobeudue
1414 1041 1440 1082 et
1453 1030 1646 1097 admittendae,
1658 1051 1706 1086 uec
1718 1051 1760 1090 ιιι.
1775 1038 1873 1094 Exem-

1048 1112 1085 1181 pli
1107 1113 1163 1164 loco
1182 1113 1249 1166 crit:
1268 1112 1291 1164 si
1311 1131 1421 1183 mugnee
1438 1126 1526 1169 essent
1551 1119 1647 1190 pupilli
1673 1119 1826 1188 iseultetes,
1845 1133 1874 1178 et
1910 1133 1941 1178 st

1050 1195 1245 1264 sttulpbubctus
1262 1199 1371 1250 tutulum
1391 1201 1462 1252 solus
1481 1200 1571 1256 subice
1584 1203 1704 1270 deberet,
1726 1211 1873 1262 excusatio·

1051 1297 1112 1332 ιιιιιι
1131 1281 1309 1350 enutphnbeto
1328 1299 1379 1335 uon
1398 1282 1577 1353 denegontium
1594 1287 1786 1356 existimem,
1800 1309 1874 1363 prse-

1049 1365 1140 1419 ssrtim
1155 1383 1213 1416 cuns
1227 1367 1253 1416 lsi
1270 1384 1322 1417 non
1336 1367 1402 1420 sutis
1415 1369 1552 1422 commode
1563 1370 1650 1442 sliquu
1663 1374 1790 1444 expedire
1808 1395 1871 1448 pos-

1049 1448 1116 1512 siut,
1135 1465 1202 1518 qum
1221 1450 1264 1500 hic
1282 1447 1405 1503 iortessis
1423 1452 1589 1521 expediente
1608 1457 1739 1509 venirent.
1758 1457 1870 1514 Becher.

1048 1532 1082 1584 ud
1102 1535 1269 1587 'ireutlerum
1288 1553 1316 1602 p.
1333 1545 1356 1586 ι.
1369 1534 1435 1603 disp.
1451 1547 1475 1586 ι.
1487 1538 1526 1588 tk.
1547 1549 1570 1591 ι.
1588 1538 1627 1590 iit.
1636 1537 1668 1608 f.
1697 1541 1791 1596 Pedem
1820 1547 1873 1610 Ῑιιιι

1049 1616 1119 1670 ciros
1139 1633 1314 1686 personarum
1334 1619 1392 1688 jura
1410 1631 1562 1692 ponentes,
1587 1622 1649 1675 ltuic
1675 1635 1767 1679 nostro
1791 1626 1874 1699 cupiti

1049 1696 1134 1754 finem
1152 1701 1328 1773 imponimus.

839 1860 1090 1930 CAPUT
1136 1865 1199 1932 lll.

419 2043 472 2109 De
493 2040 573 2129 jure
595 2037 910 2130 analpbabctcrum
935 2037 1029 2104 circa
1054 2051 1154 2106 actus
1176 2042 1269 2106 inter
1292 2043 1387 2110 uiuos
1407 2045 1639 2134 perlustrans.

423 2223 760 2280 suntrArtlA

177 2389 369 2448 Continuesr’o.
389 2409 417 2444 ιι.
439 2403 462 2446 ι.

179 2479 295 2548 Quisque
313 2493 404 2530 rerum
414 2493 526 2532 suarum
542 2477 702 2531 moderator
712 2483 738 2528 et
747 2473 851 2527 arbiter
866 2481 915 2528 est·
924 2491 951 2524 ιι.
972 2483 997 2525 ι.

176 2563 225 2616 Ad
235 2562 304 2615 bene
313 2575 370 2615 esse
384 2571 474 2616 notum
487 2561 558 2614 inter
569 2561 641 2616 uiuos
652 2557 734 2614 bodie
741 2559 898 2631 pierumque
908 2557 995 2630 requi·

211 2645 283 2698 t't'lur
293 2646 434 2714 scriptura.
449 2665 475 2698 rt.
492 2660 514 2699 ι.

174 2727 250 2782 Hinc
261 2729 364 2798 ertptee
369 2739 559 2782 contractuum
567 2727 719 2781 instituitur
725 2723 918 2782 consideratio.
928 2743 956 2778 ιι.
971 2733 995 2778 ι.

177 2814 240 2867 Alii
247 2825 311 2866 sunt
322 2814 510 2881 indifferentes
522 2817 630 2868 ratione
641 2815 799 2886 scripturae·
813 2831 841 2864 n.
858 2825 882 2865 ι.

175 2899 208 2951 1ιι
229 2897 294 2951 aliis
305 2901 398 2968 quoad
404 2899 594 2971 probationem
607 2907 714 2953 tantum
728 2895 876 2968 requiritur
884 2894 996 2968 scriptu·

214 2999 256 3034 ru.
272 2999 299 3036 n.
315 2996 340 3036 ι.

175 3068 209 3120 1ιι
221 3066 285 3120 eliis
297 3067 331 3120 de
341 3068 496 3122 substantie
509 3078 549 3122 est
559 3065 702 3138 scriptura·
717 3085 745 3120 ιι.
760 3077 784 3118 t.

173 3151 321 3205 Semitntss
331 3163 391 3206 tam
410 3154 496 3207 reales
515 3171 597 3220 quam
611 3153 771 3224 personales
795 3151 999 3223 acalpbabetus

208 3235 330 3303 praediis
342 3237 399 3290 suis
412 3236 554 3306 imponere
568 3245 663 3305 potest.
676 3255 704 3289 ιι.
720 3248 745 3290 ι.

174 3318 370 3387 despondetur
380 3321 491 3374 testibus
505 3319 683 3378 obstantibus·
696 3338 723 3372 ιι.
736 3331 759 3374 ι.

172 3403 391 3456 deruitutcssoia
403 3403 536 3472 patientia
548 3404 755 3459 constituuntur.
769 3421 796 3452 ιι.
814 3413 854 3456 to.

173 3487 357 3542 Putationis
368 3497 461 3542 tamen
472 3490 564 3560 gratia
576 3491 710 3560 scriptura
722 3487 891 3544 intervenire
899 3494 995 3558 potest.

209 3589 238 3624 n.
254 3582 294 3623 11.

174 3655 236 3722 Quo
247 3653 275 3706 in
289 3669 354 3708 casu
367 3657 502 3724 quomodo
515 3657 550 3713 ab
563 3655 745 3727 analpbabcto
756 3655 876 3710 servitus
895 3651 996 3708 consti·

208 3740 336 3792 tuenda?
354 3759 380 3794 ιι
399 3751 439 3796 ts.
579 3795 584 3800 ,

172 3822 403 3891 Ancipbabetns,
422 3824 469 3879 cui
481 3824 590 3895 plenum
611 3837 653 3882 est
671 3843 762 3882 rerum
780 3843 895 3883 suarum
907 3825 995 3883 dorni·

209 3906 305 3975 nium,
324 3909 430 3963 donare
447 3919 544 3976 potest.
560 3927 588 3962 ιι.
606 3922 645 3964 ιι.

172 3988 223 4041 Ad
235 3990 413 4045 donationem
428 3992 722 4063 intercimsseripsura
736 3994 792 4050 ιἰοιι
811 4005 852 4049 ιιι
871 3994 995 4050 absolute

208 4073 371 4128 necessaria.
385 4093 414 4129 n·
432 4085 471 4128 tt.

172 4154 224 4206 Ad
235 4155 295 4224 eq'us
307 4166 398 4208 tamen
411 4158 604 4226 probationem
614 4159 738 4215 adhiberi
745 4173 842 4230 potest·
856 4183 883 4218 ιι.
900 4175 938 4217 ιι.

171 4239 270 4307 quue
282 4240 313 4294 in
326 4256 392 4295 casu
405 4241 602 4312 anclpbabetus
620 4244 726 4299 notarii
736 4263 821 4315 opera
834 4248 875 4302 uti
884 4247 993 4318 poterit.

210 4341 240 4375 ιι.
257 4334 298 4376 li·

174 4408 319 4474 Quomodo
344 4419 501 4467 contractus
523 4413 612 4466 reales
636 4423 715 4467 caute
731 4413 788 4466 sint
812 4414 992 4472 celebrandi?

210 4511 239 4544 ιι.
264 4504 302 4545 li.

172 4577 334 4633 Contractus
356 4579 551 4636 consensuales
573 4579 634 4633 sins
650 4577 787 4651 scriptura
808 4577 993 4650 perficiuntur.

211 4680 239 4714 ιι.
255 4674 296 4714 ιι.
309 4669 336 4714 ιι
354 4673 394 4716 ιι.

176 4745 256 4811 Quod
263 4743 433 4814 praejudicio
446 4765 515 4802 cam.
528 4746 602 4801 elect.
611 4746 705 4800 brand.
713 4745 904 4818 confirmatur.
913 4763 941 4798 ιι.
954 4758 992 4802 ιι.

170 4827 308 4894 Scriptura
321 4840 411 4880 tamen
424 4829 453 4883 in
466 4829 500 4884 iis
512 4847 592 4898 rasus
609 4831 769 4886 interuenire
779 4829 891 4883 soletetc
900 4830 992 4902 singu·

100 4935 104 4942 ·
205 4912 449 4968 taricomenttene
461 4917 695 4971 contrabentium.
710 4935 738 4970 ιι.
753 4927 794 4970 st.

169 4996 209 5048 Bt
217 5005 283 5049 tune
294 5006 452 5076 contractus
464 5009 528 5054 ante
538 5000 701 5070 scripturam
715 5017 772 5054 non
788 5009 829 5054 ert
842 4997 987 5070 perficias.

207 5096 237 5130 n.
253 5089 295 5132 ιι.

170 5165 233 5217 Ima
243 5161 414 5229 poenitentia
426 5179 565 5219 concessa.
578 5185 606 5220 ιι.
622 5177 663 5220 ιι.

167 5249 303 5302 Cessante
320 5265 381 5302 cero
396 5249 446 5302 iila
458 5251 639 5306 consentione
655 5259 744 5306 cessat
760 5253 908 5308 necessitas
923 5253 991 5308 rcri-

202 5343 308 5400 ptarae·
318 5349 345 5384 ιι.
361 5343 402 5386 ιι.

168 5417 379 5484 Analpbabetus
396 5415 426 5468 in
444 5417 580 5486 eiusmodi
594 5419 780 5474 contractibus
796 5420 905 5490 quando
924 5422 988 5476 scri·

204 5511 289 5568 ptura
301 5511 341 5554 est
354 5493 517 5565 necessarie,
526 5500 664 5556 notarium
677 5501 804 5558 adbibere
814 5501 902 5557 debet.¹
910 5521 937 5556 ιι.
948 5513 989 5555 ιι.

169 5587 302 5643 Notarius
314 5585 384 5656 ipse,
403 5603 460 5639 non
473 5603 524 5656 per
535 5584 655 5642 scribam
666 5603 746 5644 suum
763 5587 930 5644 subscribere
940 5583 988 5644 ''te-

207 5681 293 5726 netur.
307 5689 335 5723 ιι.
350 5681 393 5722 ιι.

289 5750 395 5827 strytit
412 5757 462 5814 νο
472 5753 489 5806 t.
507 5754 565 5808 111.

1051 2219 1165 2275 Notarir'
1182 2223 1384 2293 analpbobetos
1396 2225 1429 2281 de
1442 2225 1583 2298 beneficiis
1594 2227 1652 2282 suis
1664 2231 1811 2285 certiorare
1823 2231 1868 2286 de·

1083 2305 1156 2372 tens,
1170 2307 1316 2376 siquando
1330 2309 1365 2362 iis
1378 2311 1594 2365 renunciandum
1605 2312 1647 2364 stt.
1661 2331 1689 2365 ιι.
1704 2323 1745 2365 ιι.

1047 2389 1135 2442 Nemo
1146 2389 1219 2444 enim
1232 2393 1418 2465 ignoransjus
1428 2413 1519 2461 suum,
1536 2397 1748 2452 renunciaturus
1759 2414 1870 2468 proesu-

1047 2539 1052 2548 .
1083 2475 1270 2530 militumi.

1045 2559 1179 2615 Notarius
1192 2561 1384 2632 analpiabetis
1404 2563 1487 2618 etiam
1501 2563 1632 2619 terminos
1636 2563 1773 2635 juridicos
1786 2565 1870 2637 expli·

1080 2660 1145 2697 care
1156 2644 1240 2697 debet.
1255 2663 1283 2698 ιι.
1299 2657 1340 2699 ιι.

1045 2729 1084 2783 Et
1105 2727 1260 2794 confictum
1279 2729 1488 2786 instrumentum
1504 2733 1632 2802 partibus
1654 2733 1869 2804 praelegendum

1087 2822 1134 2864 esi.
1149 2828 1176 2865 11.
1192 2825 1234 2866 30.

1046 2899 1081 2949 1ιι
1093 2895 1277 2952 contractibus
1289 2897 1536 2966 analpbaietornm
1545 2899 1717 2968 inscriptura
1728 2900 1868 2955 celebran-

1081 2981 1124 3034 dis
1135 3000 1172 3036 ιιι
1182 2983 1249 3035 Nou.
1265 2993 1305 3035 ts.
1318 2999 1342 3036 ι.
1357 2995 1380 3035 ι.
1396 3001 1419 3037 r.
1431 2993 1512 3037 testes
1524 3001 1585 3037 cum
1597 2981 1707 3037 notario
1726 2985 1868 3056 requirun-

1088 3074 1141 3118 tur.
1156 3085 1184 3119 rr.
1200 3077 1241 3118 ιι.

1051 3151 1180 3220 Quattuor
1191 3149 1322 3220 requisita
1336 3151 1365 3204 in
1378 3149 1444 3218 iliis,
1458 3151 1546 3206 utitor:
1557 3151 1647 3205 locum
1660 3148 1792 3216 obtineat,
1804 3165 1867 3222 snp-

1084 3245 1237 3303 portuntur·
1250 3253 1277 3287 ιι.
1293 3245 1337 3287 ιι.

1047 3318 1081 3368 In
1100 3329 1242 3372 contractu
1266 3318 1407 3374 literarum
1429 3318 1510 3391 periti
1531 3330 1611 3375 testes
1628 3337 1689 3375 cum
1707 3320 1867 3391 juramento

1083 3399 1236 3474 sufficiunt.
1250 3421 1278 3456 ιι.
1292 3414 1334 3455 ιι.

1045 3484 1363 3556 reprimerentur
1376 3483 1526 3558 stffcirrnt,
1539 3505 1566 3540 n.
1580 3496 1623 3541 ιι.

1045 3569 1196 3636 Dispositio
1208 3587 1270 3622 noo.
1283 3581 1325 3622 ts.
1337 3579 1445 3623 tantum
1457 3569 1572 3638 obtinet,
1590 3569 1617 3624 si
1634 3569 1662 3622 in
1675 3567 1783 3642 scriptis
1795 3585 1864 3622 oon-

1080 3654 1187 3706 trabere
1198 3653 1339 3722 placuerit.
1353 3672 1380 3707 ιι.
1396 3667 1438 3708 ιι.

1045 3737 1130 3801 Item,
1147 3735 1174 3789 si
1189 3735 1218 3789 in
1237 3735 1346 3792 civitate
1364 3749 1521 3794 contractus
1538 3735 1703 3804 celebratur,
1722 3753 1780 3792 non
1799 3733 1864 3790 ruri.

1079 3835 1105 3871 tt.
1127 3831 1169 3872 ib.

1044 3901 1090 3956 Ibi
1099 3901 1173 3956 enim
1188 3915 1212 3957 ι.
1225 3912 1303 3958 1ιιιιι
1314 3901 1466 3976 sufficiunt.
1481 3923 1509 3956 ιι.
1525 3915 1566 3958 ιι.

1043 3987 1108 4040 Nec.
1121 3988 1145 4040 d.
1159 4004 1223 4041 nov.
1236 3988 1355 4054 obtinet,
1368 3987 1424 4041 nisi
1433 3987 1462 4041 in
1475 4004 1584 4042 sumena
1597 3989 1662 4044 auri
1672 3988 1773 4044 libram
1784 4005 1865 4043 escae·

1082 4071 1162 4126 deun
1185 4089 1212 4126 ιι.
1228 4084 1269 4125 ιι.

1044 4157 1128 4208 Ratio
1141 4155 1220 4210 istius
1233 4155 1438 4214 constitutionis
1447 4157 1574 4214 traditur.
1586 4177 1614 4212 ιι.
1626 4169 1668 4212 ιι.

1045 4239 1152 4292 Eadem
1167 4258 1229 4294 noo·
1244 4252 1286 4295 ιι.
1299 4241 1381 4296 bodie
1392 4261 1449 4296 non
1462 4252 1504 4296 ert
1514 4242 1629 4298 abolita.
1643 4259 1672 4294 ιι.
1687 4250 1729 4290 to.

1045 4321 1338 4378 Commuuitertamen
1351 4325 1432 4379 bodie
1445 4326 1570 4380 notarim
1581 4343 1643 4379 cum
1657 4323 1761 4378 duobus
1771 4321 1864 4377 sciti-n

1080 4406 1195 4463 testibus
1213 4407 1364 4464 adhibetur.
1383 4427 1409 4461 n.
1430 4420 1472 4462 tt.

1044 4499 1103 4549 Aut
1110 4492 1230 4564 defictas
1242 4495 1434 4566 requisiturum
1446 4494 1521 4548 illius
1533 4493 1658 4547 novellae
1669 4508 1721 4560 per
1732 4493 1862 4561 recogni-

1079 4577 1180 4632 tionem
1189 4578 1274 4648 ipsius
1283 4577 1685 4649 scripturneanalplrabctarum
1696 4579 1866 4650 supplendus

1079 4674 1133 4728 est,
1146 4665 1171 4716 si
1180 4673 1289 4717 caetera
1302 4662 1358 4716 sint
1368 4663 1461 4734 paria.
1472 4681 1500 4715 ιι.
1517 4672 1560 4714 ιι.

1043 4747 1079 4800 Id
1090 4747 1164 4818 quod
1173 4745 1285 4800 ulterius
1296 4747 1436 4813 probatur.
1447 4763 1474 4800 rt.
1491 4755 1530 4799 tt.

1042 4833 1082 4884 Et
1110 4831 1311 4898 analpiabetcs
1328 4829 1367 4884 ad
1384 4831 1597 4902 recognitionem
1616 4831 1795 4886 instrumenti
1810 4846 1860 4886 suo

1079 4911 1321 4983 nomineconfeeti
1331 4913 1417 4966 teneri
1428 4911 1593 4982 Carpocrius
1603 4915 1696 4968 tradit.
1712 4933 1739 4966 ιι.
1753 4927 1794 4966 ιι.

1041 4997 1200 5066 Recognitio
1219 4998 1268 5052 illa
1282 4997 1529 5070 unuipbabetorum
1546 4999 1707 5053 extenditur
1724 5001 1808 5054 etiam
1828 5001 1866 5054 ad

1078 5081 1179 5152 sigilla.
1191 5101 1218 5135 ιι.
1234 5094 1273 5136 ιι.

1041 5167 1091 5222 Ad
1103 5165 1225 5221 rntiones
1235 5165 1417 5222 dubitantium
1429 5183 1513 5238 super
1529 5167 1716 5240 recognitione
1728 5171 1865 5242 ancipitu-

1078 5249 1134 5305 beu·
1144 5251 1330 5320 respondetur.
1344 5269 1372 5306 n.
1387 5263 1428 5303 ιι.

1041 5334 1250 5402 Anaipbabetus
1272 5349 1368 5390 coram
1391 5333 1553 5405 magistratu
1577 5344 1749 5391 contractum
1770 5355 1865 5407 gerere

1076 5417 1174 5483 potest.
1194 5435 1223 5470 n.
1245 5426 1287 5470 tt.

1044 5502 1152 5571 Quaest.
1164 5501 1190 5556 si
1199 5503 1399 5576 annalpiabetus
1409 5505 1486 5558 testis
1493 5502 1587 5574 suerit
1604 5505 1740 5560 adbibitus
1768 5507 1862 5563 alieno

1075 5587 1240 5652 contractui,
1251 5588 1387 5656 quomodo
1399 5587 1548 5662 recognitio
1560 5589 1597 5644 sit
1615 5589 1803 5658 instituenda,
1824 5613 1864 5647 re-

1077 5668 1188 5726 missive
1201 5674 1344 5728 tractata?
1356 5690 1383 5726 n.
1400 5681 1440 5726 ιι.

1600 5765 1632 5812 ib
