4328 6270
426 265 479 322 aer
991 251 1270 318 arsenatem.
1289 259 1458 320 cteurv.
1953 269 2017 343 ,aa

373 347 485 402 lotionis
504 349 621 421 alioquin
640 361 711 406 essct
728 349 911 406 distracturus.
929 359 1036 420 cmm
1055 365 1073 415 ι,
1101 373 1125 414 a.
1144 379 1187 413 aa·
1238 359 1288 425 lii,
1307 360 1348 413 rel
1373 360 1396 412 si
1420 361 1533 419 babeam
1557 369 1710 437 labentum,
1730 369 1760 426 in
1785 375 1844 428 loeo
1865 381 2044 430 contractus,
2062 367 2087 418 1-

371 439 539 493 riar.rcr.c.
555 455 579 493 s.
597 459 624 493 a.
651 454 675 494 a.
699 445 738 496 ιιι
757 451 830 501 euim
850 463 979 505 mercator
996 451 1072 503 licite
1090 443 1185 518 pacisci
1241 451 1314 508 ιιι.
1335 445 1773 514 ²·ffdtt'ssd1'0·rld·⁵¹‘·0⁰¹²⁸
1798 456 1826 510 in
1855 467 1889 508 tr.
1915 471 2018 524 quom.
2044 451 2083 503 ἰιι

371 533 473 594 potest,
494 535 520 576 ut
542 525 608 578 illud
628 529 752 596 pretium.
772 533 841 600 qaod
862 545 979 605 tempore
993 533 1132 588 solutionis
1143 549 1186 586 rcs
1235 545 1309 583 caus.
1329 539 1440 585 mercat.
1456 536 1566 602 proeed.
1586 539 1638 589 Sed
1652 537 1716 608 quid
1731 539 1753 591 si
1768 537 1949 592 mandatarius
1961 536 2009 590 sel
2028 537 2084 586 ia·
2127 543 2147 584 tt

369 615 410 658 est
428 606 554 672 valitura,
573 609 693 678 accipiat.
710 631 734 665 c·
747 619 794 670 ult.
806 636 834 671 rc.
849 619 880 672 dc
893 636 968 675 urar.
993 617 1066 671 ldem
1086 626 1140 680 cst,
1160 614 1184 668 si
1236 613 1382 668 stitorlide
1402 617 1490 672 habita
1510 621 1691 675 contraxerit?
1716 627 1795 679 Tarne
1820 624 1964 678 ridendum
1996 623 2084 686 crit,

370 691 555 761 ⁸¹0⁰·qtt0d
575 697 690 763 pretium
710 703 873 756 cunctatim
894 701 1119 765 lueritsolutum,
1145 701 1186 752 lu·
1236 699 1309 765 cujus
1328 693 1409 751 fidem
1429 713 1533 756 aeratas
1553 704 1633 758 luerit
1652 709 1791 770 scaslitor,
1810 727 1872 761 num
1889 706 2085 772 nominarii,

369 789 442 826 cmm
461 775 568 846 aliquod
589 780 697 836 decedat
714 785 862 854 venditari,
880 788 1027 856 quodalias
1045 787 1186 856 acquirere
1236 799 1270 834 au
1290 799 1350 835 tero
1368 784 1539 838 mandantis:
1558 789 1607 840 illu
1626 791 1697 841 enim
1715 807 1776 842 casu
1796 791 1824 842 iu
1848 791 1905 842 loro
1930 797 2085 840 mere-to·

367 857 511 928 patuisset,
530 873 575 916 aut
592 863 716 920 damnum
736 872 817 922 asiana
836 872 934 925 aatnda
953 873 1099 925 immineat.
1117 871 1184 923 Nam
1235 883 1294 919 rum
1313 869 1384 919 locus
1402 878 1570 934 contractius
1590 872 1636 924 boc
1655 891 1717 927 vcro
1730 873 1819 927 forum
1832 873 1918 942 ipsius
1933 871 2086 924 mandan-

369 952 395 996 ct
412 943 450 996 sic
468 945 570 998 rationo
587 947 677 1001 damni
697 953 736 1004 rcl
755 955 883 1022 periculi,
910 955 979 1024 quod
1011 954 1186 1025 probabiliter
1234 950 1268 1002 tit
1285 950 1448 1017 attenditur,
1468 953 1502 1007 de
1519 975 1571 1024 quo
1589 955 1641 1010 att.
1662 957 1925 1027 Marquarcl.dc1'ur·
1946 964 2081 1008 mercat.

369 1027 513 1094 metuitur,
533 1031 619 1085 carlus
632 1035 709 1086 scadi
725 1037 991 1104 permissamamodo
1004 1049 1092 1092 tamea
1111 1055 1184 1107 pecu·
1234 1033 1678 1110 1·²·0·l⁰·tr·tt.rcqq·an
1697 1041 1799 1094 monito
1829 1042 1925 1095 desino
1951 1049 1981 1093 tl
2016 1041 2082 1094 *th
2115 1059 2139 1102 ιι

372 1115 417 1167 nia
433 1125 521 1187 parata
543 1117 691 1187 potuissent
715 1119 831 1172 distrahi
856 1139 972 1186 merces,
991 1119 1068 1174 etde
1087 1120 1185 1174 cariori
1236 1118 1382 1184 contrabat

367 1199 403 1252 ob
421 1196 503 1252 fidem
523 1199 640 1253 babilam
660 1202 791 1257 solutione
809 1204 959 1260 admonitus
980 1205 1187 1275 lucritcmptar.
1276 1200 1471 1264 Tt'bl's'ttmme
1486 1204 1571 1266 90⁰¹·
1585 1203 1692 1274 &misal
1710 1223 1794 1275 olent
1816 1205 1999 1260 t'mmvffaless
2019 1223 2082 1274 ΡΝ

368 1285 410 1338 Dc
426 1285 523 1355 quibas
540 1285 665 1339 omnibus
677 1287 816 1340 brevitatis
827 1306 916 1343 amore
929 1289 1049 1357 pluribus
1062 1307 1115 1340 uon
1127 1307 1184 1358 ago,
1236 1283 1698 1354 mollaiodocfilt'ct'let'lssbvtes
1719 1300 1745 1342 et
1770 1305 1902 1341 “mm‘'
1929 1290 2086 1341 ῘιῦΰιθΜ

366 1370 411 1422 scd
425 1367 457 1420 ad
473 1371 623 1422 moralistas
636 1380 735 1424 memet
747 1370 843 1424 refero.
857 1372 951 1426 Vidcri
964 1381 1089 1442 poterunt
1103 1371 1185 1426 Andr.
1237 1364 1266 1418 tn
1277 1366 1373 1421 tludr't't
1383 1371 1474 1436 erotica
1483 1392 1490 1434 ς
1503 1381 1530 1424 tc
1542 1387 1617 1435 ocra,
1632 1373 1746 1427 candide
1758 1373 1844 1427 lector
1850 1411 1859 1438 ,
1872 1371 2023 1424 sedenim
2033 1390 2084 1424 ra·

366 1471 381 1506 a
401 1455 486 1508 illatrc
506 1453 556 1507 Del
576 1453 604 1506 in
625 1469 697 1508 cars.
709 1455 790 1508 tilecl.
804 1457 903 1510 moral.
916 1466 949 1509 tr.
967 1467 1006 1508 ιι.
1019 1473 1043 1510 c.
1058 1465 1084 1506 ι.
1095 1467 1187 1523 punct.
1235 1467 1323 1518 gart,
1336 1470 1372 1505 ne
1384 1471 1432 1518 ca,
1447 1471 1515 1524 qrtae
1526 1468 1694 1524 properante
1703 1455 1851 1510 colurnaiu
1865 1455 2084 1508 dissertarions

368 1543 445 1600 tt.§.
462 1537 827 1609 t.ldolinadr1'.ct1'.dirp.
854 1549 915 1590 tto.
935 1537 1047 1606 sigism,
1075 1536 1184 1592 scaoota
1238 1535 1463 1599 trecorensem
1481 1539 1633 1606 seqreiarcm
1660 1539 1847 1608 interpreteris
1868 1547 1985 1600 portem
2028 1538 2084 1591 sed

363 1623 398 1677 de
409 1637 553 1674 cammerc.
564 1617 588 1690 §-
604 1631 626 1672 t.
639 1639 682 1690 qu.
697 1631 720 1674 t.
733 1631 805 1690 part.
819 1631 842 1673 t.
857 1639 884 1674 u.
898 1632 940 1672 tt.
1236 1637 1307 1687 qaae
1319 1620 1383 1672 dinc
1395 1621 1459 1674 irrita
1472 1621 1585 1686 detaut,
1600 1624 1698 1690 abique
1720 1622 1913 1676 &erodentia
1935 1631 1991 1674 tua
2014 1637 2084 1686 rup-
2146 1655 2147 1660 =

404 1705 521 1760 Unicum
541 1707 696 1768 dumtaxat,
721 1704 842 1775 illudque
872 1713 1036 1774 postremum
1055 1703 1191 1758 coronidis
1235 1705 1320 1771 plear.
1334 1707 1395 1774 Ego
1409 1708 1741 1778 aequarenrarr'rp'udicia
1755 1727 1897 1779 utinquam
1906 1707 2015 1774 deero,
2030 1705 2087 1762 sel

364 1791 423 1842 loca
442 1787 529 1842 adbuc
548 1787 709 1840 mouendum
728 1788 797 1852 crit,
817 1786 964 1852 nimirum,
981 1785 1050 1858 qaod
1064 1799 1189 1840 mercato-
1239 1785 1354 1840 arctiora
1372 1797 1528 1842 annuentem
1540 1790 1741 1859 promptissima
1753 1807 1863 1864 sequar.

363 1891 408 1928 res
427 1891 473 1926 seu
492 1871 661 1936 venditores,
679 1870 778 1942 quibus
792 1871 923 1943 depretia
938 1872 1027 1925 habita
1043 1871 1095 1924 l'uit
1110 1869 1188 1938 lidcs,

366 1957 507 2016 contrairi
525 1955 558 2012 ds
575 1959 634 2028 lure
651 1973 706 2010 aua
724 1955 847 2030 possint,
867 1955 922 2010 nisi
941 1956 971 2010 ia
995 1956 1056 2010 laco
1076 1954 1190 2012 domici·
1511 1957 1536 2011 Τ
1556 1953 1576 2008 Δ
1596 1955 1622 2010 li
1640 1959 1664 2012 'l'
1681 1957 1705 2013 ι]
1725 1959 1766 2012 tt.

901 2181 1235 2261 ntsromto
1259 2180 1529 2260 VlGESlMA

565 2369 686 2484 au
739 2367 1462 2485 auctorat-oua
1515 2369 1865 2511 aurat,

740 2564 1224 2684 aouaauao
1273 2564 1691 2708 ιιιιιιιιιιιιιὓ

653 2771 764 2844 VON
801 2769 1258 2842 cottsatttttarutt
1291 2769 1782 2841 nultusottobnutt.

945 2965 1002 3008 DlB
1024 2963 1162 3009 OGTOBB·
1185 2963 1271 3010 ΔΝΕΟ
1293 2965 1493 3011 uacuxthu.

1045 3125 1388 3170 atrrouotart

680 3261 897 3336 ossoaoto
920 3261 1147 3337 tttttttutco
1170 3263 1345 3350 Boactt,
1369 3263 1478 3356 EQU.
1502 3261 1743 3334 Poltssaatt.

935 3439 1496 3487 ψ

1059 3615 1358 3688 PRAEFAYIO.

374 3749 568 3899 Amplum
591 3829 705 3874 rerum
728 3803 912 3872 feudalium
937 3813 985 3870 est
1007 3799 1242 3884 latifundium,
1266 3817 1300 3868 ct
1322 3800 1430 3892 ampla
1456 3825 1594 3896 quoqne
1617 3805 1654 3872 iu
1689 3829 1728 3875 eo
1758 3824 1811 3874 eat
1844 3807 1990 3876 materia
2023 3802 2067 3874 dr

372 3921 541 3969 consensu
564 3899 606 3965 ad
627 3897 866 3989 obligationem
891 3893 982 3960 feudi
1006 3893 1181 3982 requisitu.
1208 3891 1341 3958 Scilicet
1365 3893 1554 3983 saepissime
1578 3915 1612 3964 ct
1635 3897 1702 3965 fere
1751 3897 1879 3965 uotidic
1913 3895 2065 3976 accidit,

373 3989 466 4084 quod
491 3989 626 4056 nobiles
646 3989 689 4054 ob
714 3999 887 4143 urgqntem
911 3983 1140 4050 necessitatem
1164 3995 1343 4049 teneantur
1366 4007 1424 4048 aes
1443 3983 1593 4052 alienum
1621 3923 1833 4072 contrtlbem
1858 4001 1892 4054 et
1916 3987 2065 4055 credita-

373 4081 472 4150 ribus
493 4080 563 4145 suis
585 4079 735 4170 obligare
802 4099 842 4141 na
867 4073 1026 4141 feudalia.
1050 4071 1170 4162 lllagua
1194 4073 1285 4140 enim
1309 4097 1409 4140 onera
1434 4089 1533 4158 suut,
1557 4103 1644 4170 quae
1666 4077 1779 4146 leudis
1799 4079 2000 4162 inhaereat,
2028 4090 2060 4144 ct

373 4194 463 4265 qaae
486 4170 677 4260 praesertim
701 4170 762 4235 hoc
785 4185 932 4257 tempore
956 4162 1063 4229 indies
1088 4163 1190 4254 magis
1214 4167 1386 4256 magisque
1408 4185 1579 4249 crescant,
1603 4169 1704 4253 adca,
1729 4187 1767 4235 ut
1791 4169 1969 4235 nobilibus
1992 4192 2060 4234 sae·

373 4261 512 4355 pissime
533 4283 601 4326 non
624 4259 717 4328 aliud
740 4257 951 4348 relinquatur
974 4251 1178 4326 remedium,
1204 4277 1308 4345 quam
1331 4279 1405 4321 aere
1428 4255 1537 4322 alieno
1560 4283 1696 4350 gravare
1720 4259 1818 4326 feuda
1832 4310 1842 4340 ,
1858 4272 1893 4325 et
1912 4255 2056 4324 oredito-

373 4354 470 4420 ribus
492 4351 621 4416 suisea
644 4349 880 4441 oppignorare,
905 4345 957 4414 rel
981 4341 1115 4411 taudem
1140 4343 1236 4434 plane
1272 4346 1315 4412 iis
1347 4347 1385 4410 iu
1419 4345 1567 4414 solutum
1602 4347 1730 4418 oller-re.
1764 4347 1947 4417 Caeterum
1981 4372 2056 4414 cum

373 4443 447 4512 sine
470 4437 596 4506 domiai
619 4463 782 4508 consensu
804 4435 1002 4530 regulariter
1024 4433 1184 4527 obligatio
1208 4434 1300 4500 feudi
1322 4435 1472 4502 contrabi
1497 4452 1663 4529 nequeat,
1688 4453 1721 4506 et
1747 4439 1781 4506 in
1808 4439 2057 4532 praejudicium

373 4537 450 4624 ojus
472 4529 611 4598 feudum
636 4531 744 4600 salide
766 4527 977 4622 oppignorari
1002 4537 1060 4592 aut
1084 4525 1220 4592 alienari
1241 4523 1330 4590 baud
1348 4524 1468 4616 possit,
1485 4550 1615 4621 semper
1630 4529 1800 4598 nobilibus
1816 4528 2056 4622 refugiendum

373 4641 425 4691 est
445 4619 488 4689 ad
510 4619 640 4689 domini
663 4643 877 4701 eonsensum,
900 4631 933 4686 et
957 4617 1046 4685 boue
1071 4615 1246 4707 implorare
1269 4615 1411 4696 debeat,
1434 4620 1567 4707 quoties
1590 4645 1650 4712 pso
1673 4634 1761 4688 certa
1785 4625 2054 4714 prcrsmacsum·

373 4738 428 4782 raa
451 4709 589 4782 feudum
611 4712 759 4805 obligare
781 4711 907 4780 voluat.
931 4708 1086 4802 Neglecto
1108 4707 1200 4774 enim
1223 4703 1351 4772 domiui
1375 4730 1556 4794 coaseusu,
1578 4716 1606 4779 si
1630 4711 1791 4780 vassallus
1812 4710 1951 4790 feudum
1968 4709 2053 4778 abli-

397 4803 570 4891 mavelit,
593 4804 755 4896 obligatio
776 4802 831 4870 illa
855 4803 997 4896 dejure
1023 4797 1128 4866 valida
1152 4819 1223 4864 esse
1246 4809 1280 4862 et
1302 4797 1483 4864 subsistere
1505 4822 1572 4866 aon
1596 4814 1722 4892 pateat,
1746 4825 1808 4869 aec
1830 4799 1985 4869 debitum
2016 4799 2058 4866 il·

373 4830 435 4963 lad
458 4917 500 4960 cx
523 4892 624 4964 feudo
644 4893 839 4962 solreadum
862 4907 924 4962 est.
948 4891 1037 4962 Cum
1061 4891 1152 4956 euim
1176 4909 1245 4954 raon
1269 4887 1425 4978 plenum,
1440 4885 1497 4955 sel
1513 4891 1596 4958 utile
1612 4892 1750 4958 vasallo
1762 4891 1949 4960 dominium
1966 4891 2054 4958 circa

375 4983 474 5053 leuda
498 4997 675 5078 competat,
699 4985 857 5080 iniquum
882 4985 983 5066 foret,
1006 4982 1048 5049 de
1072 5003 1127 5062 oo,
1149 4979 1230 5045 citra
1253 4979 1430 5044 arbitrium
1454 4978 1571 5048 directi
1588 4981 1717 5049 domini
1731 4981 1949 5078 disposuisse.
1964 4979 2052 5048 Cum

373 5077 480 5170 igitur
503 5083 570 5144 tam
594 5077 686 5146 utilis
706 5091 740 5147 et
763 5101 891 5146 summe
914 5070 1090 5144 amaria
1115 5071 1157 5138 sit
1180 5067 1353 5136 nobilibus
1375 5067 1455 5136 baec
1478 5073 1636 5155 materia,
1659 5073 1711 5140 uti
1735 5072 1933 5164 quotidiana
1958 5084 2051 5138 testa·

373 5183 431 5236 tur
453 5169 675 5255 experientia,
699 5171 824 5264 placuit
848 5167 932 5236 mibi
941 5217 951 5252 ,
973 5189 1046 5233 eam
1070 5161 1209 5255 eligere,
1232 5173 1266 5225 et
1290 5173 1498 5250 praesentem
1520 5163 1615 5229 deea
1632 5186 1830 5254 componere
1855 5163 2052 5255 disputatio-

372 5281 465 5329 nem.
488 5263 533 5332 Et
555 5285 763 5356 quamquam
786 5259 914 5328 damini
937 5277 1114 5326 cousensus
1136 5250 1315 5343 praecipue
1335 5251 1527 5343 requiratur
1547 5252 1588 5318 ad
1610 5254 1847 5345 obligationem
1873 5253 2050 5336 feudalem,

371 5355 468 5422 uolui
493 5373 603 5423 tamen
627 5355 781 5422 omittere
804 5373 998 5420 consensum
1022 5357 1234 5438 agnatorum,
1256 5339 1312 5408 sed
1336 5341 1469 5433 quoties
1490 5343 1549 5410 illc
1570 5345 1764 5436 requiretur
1779 5364 1812 5412 et
1827 5343 1915 5439 quid
1936 5367 2048 5435 opere·

371 5455 445 5528 lar,
470 5469 598 5539 semper
622 5445 747 5514 addidi.
771 5443 832 5514 Uti
856 5442 975 5523 etiam,
999 5447 1166 5530 quantum
1196 5431 1267 5500 ficri
1301 5432 1429 5520 potuit,
1464 5435 1610 5525 subjeci,
1642 5435 1729 5528 quid
1759 5437 1912 5504 obtineat
1935 5437 1972 5501 in
1996 5433 2049 5500 bts

373 5541 509 5607 materia
533 5536 713 5606 secuudum
738 5531 996 5606 consuetudines
1018 5529 1194 5596 feudorum
1219 5521 1449 5590 Pomeraniae.
1471 5523 1571 5613 Quod
1600 5525 1627 5590 si
1661 5547 1741 5593 vero
1773 5551 1840 5593 uon
1873 5526 1985 5593 omnia
2007 5521 2048 5591 ad

371 5629 518 5724 polutum
541 5643 639 5698 tuum
663 5627 698 5696 b.
723 5627 745 5697 l.
770 5651 830 5696 uec
854 5645 982 5694 mecum
1005 5619 1044 5687 iu
1062 5617 1221 5685 omnibus
1243 5613 1428 5680 consen-tire
1452 5613 1549 5696 velis,
1573 5627 1650 5684 tuae
1674 5619 1875 5698 sententiae,
1894 5617 1974 5682 sica
1993 5637 2047 5682 ve·

369 5721 439 5792 rior
473 5731 506 5790 et
537 5723 678 5818 aequior
710 5721 793 5806 erit,
824 5713 1061 5788 lubentissime
1083 5705 1312 5790 subscribam,
1330 5705 1367 5772 ia
1389 5707 1574 5778 caeterissi
1597 5707 1708 5801 lapsus
1743 5709 1887 5798 luerim,
1915 5708 2045 5780 reniam
