<?xml version="1.0" encoding="UTF-8"?>
<!DOCTYPE html PUBLIC "-//W3C//DTD XHTML 1.0 Transitional//EN"
    "http://www.w3.org/TR/xhtml1/DTD/xhtml1-transitional.dtd">
<html xmlns="http://www.w3.org/1999/xhtml" xml:lang="en" lang="en">
 <head>
  <title>
</title>
<meta http-equiv="Content-Type" content="text/html;charset=utf-8" />
  <meta name='ocr-system' content='tesseract 3.04.00' />
  <meta name='ocr-capabilities' content='ocr_page ocr_carea ocr_par ocr_line ocrx_word'/>
</head>
<body>
  <div class='ocr_page' id='page_1' title='image "./samuelisstrykii06schogoog_0250.png"; bbox 0 0 4338 6240; ppageno 0'>
   <div class='ocr_carea' id='block_1_1' title="bbox 0 86 2 591">
    <p class='ocr_par' dir='ltr' id='par_1_1' title="bbox 0 86 2 591">
     <span class='ocr_line' id='line_1_1' title="bbox 0 86 2 591; baseline 0 0"><span class='ocrx_word' id='word_1_1' title='bbox 0 86 2 591; x_wconf 95' lang='lat' dir='ltr'> </span> 
     </span>
    </p>
   </div>
   <div class='ocr_carea' id='block_1_2' title="bbox 344 277 1924 357">
    <p class='ocr_par' dir='ltr' id='par_1_2' title="bbox 344 277 1924 357">
     <span class='ocr_line' id='line_1_2' title="bbox 344 277 1924 357; baseline 0.008 -15"><span class='ocrx_word' id='word_1_2' title='bbox 344 277 400 357; x_wconf 57' lang='grc' dir='ltr'>ἴῳ</span> <span class='ocrx_word' id='word_1_3' title='bbox 922 291 1112 352; x_wconf 74' lang='lat' dir='ltr'>ntsrttrtt.</span> <span class='ocrx_word' id='word_1_4' title='bbox 1132 293 1178 352; x_wconf 82' lang='lat' dir='ltr'>xt.</span> <span class='ocrx_word' id='word_1_5' title='bbox 1198 295 1315 355; x_wconf 80' lang='lat' dir='ltr'>cttut·</span> <span class='ocrx_word' id='word_1_6' title='bbox 1333 299 1355 354; x_wconf 91' lang='lat' dir='ltr'>l.</span> <span class='ocrx_word' id='word_1_7' title='bbox 1874 299 1924 355; x_wconf 71' lang='lat' dir='ltr'>doc</span> 
     </span>
    </p>
   </div>
   <div class='ocr_carea' id='block_1_3' title="bbox 226 377 2061 2922">
    <p class='ocr_par' dir='ltr' id='par_1_3' title="bbox 226 377 2046 888">
     <span class='ocr_line' id='line_1_3' title="bbox 226 377 1975 469; baseline -0.001 -17"><span class='ocrx_word' id='word_1_8' title='bbox 226 381 257 430; x_wconf 59' lang='grc' dir='ltr'><em>η</em></span> <span class='ocrx_word' id='word_1_9' title='bbox 294 377 443 452; x_wconf 57' lang='lat' dir='ltr'>ffl‘a&#39;·</span> <span class='ocrx_word' id='word_1_10' title='bbox 459 377 497 438; x_wconf 61' lang='grc' dir='ltr'>ιι</span> <span class='ocrx_word' id='word_1_11' title='bbox 512 381 542 438; x_wconf 61' lang='lat'>‘⁸</span> <span class='ocrx_word' id='word_1_12' title='bbox 560 389 867 456; x_wconf 61' lang='lat' dir='ltr'>m·⁷·⁶·²cu⁰i⁸⁸‚</span> <span class='ocrx_word' id='word_1_13' title='bbox 885 409 935 462; x_wconf 69' lang='lat' dir='ltr'>pro</span> <span class='ocrx_word' id='word_1_14' title='bbox 948 394 1112 448; x_wconf 78' lang='lat' dir='ltr'>mutabilita-</span> <span class='ocrx_word' id='word_1_15' title='bbox 1167 397 1243 451; x_wconf 79' lang='lat' dir='ltr'>Petra</span> <span class='ocrx_word' id='word_1_16' title='bbox 1262 397 1297 453; x_wconf 81' lang='lat' dir='ltr'>tie</span> <span class='ocrx_word' id='word_1_17' title='bbox 1307 398 1363 469; x_wconf 71' lang='lat' dir='ltr'>jur·</span> <span class='ocrx_word' id='word_1_18' title='bbox 1382 411 1473 469; x_wconf 77' lang='lat' dir='ltr'>quites.</span> <span class='ocrx_word' id='word_1_19' title='bbox 1490 413 1544 464; x_wconf 77' lang='lat' dir='ltr'>per</span> <span class='ocrx_word' id='word_1_20' title='bbox 1556 383 1666 468; x_wconf 75' lang='lat' dir='ltr'>princip.</span> <span class='ocrx_word' id='word_1_21' title='bbox 1692 411 1749 453; x_wconf 85' lang='lat' dir='ltr'>nott</span> <span class='ocrx_word' id='word_1_22' title='bbox 1767 381 1826 454; x_wconf 83' lang='lat' dir='ltr'>iott.</span> <span class='ocrx_word' id='word_1_23' title='bbox 1846 415 1911 466; x_wconf 78' lang='lat' dir='ltr'>cop-¹</span> <span class='ocrx_word' id='word_1_24' title='bbox 1933 407 1975 451; x_wconf 74' lang='lat' dir='ltr'>tt.</span> 
     </span>
     <span class='ocr_line' id='line_1_4' title="bbox 295 467 2046 554; baseline 0.009 -34"><span class='ocrx_word' id='word_1_25' title='bbox 295 477 322 520; x_wconf 88' lang='lat' dir='ltr'>te</span> <span class='ocrx_word' id='word_1_26' title='bbox 339 467 488 540; x_wconf 77' lang='lat' dir='ltr'>recipitur,</span> <span class='ocrx_word' id='word_1_27' title='bbox 513 467 559 524; x_wconf 78' lang='lat' dir='ltr'>att</span> <span class='ocrx_word' id='word_1_28' title='bbox 584 469 731 539; x_wconf 81' lang='lat' dir='ltr'>imperetur</span> <span class='ocrx_word' id='word_1_29' title='bbox 756 474 926 526; x_wconf 66' lang='lat' dir='ltr'>lastinianus</span> <span class='ocrx_word' id='word_1_30' title='bbox 949 476 1033 530; x_wconf 82' lang='lat' dir='ltr'>dicit:</span> <span class='ocrx_word' id='word_1_31' title='bbox 1051 480 1118 548; x_wconf 75' lang='lat' dir='ltr'>qnid</span> <span class='ocrx_word' id='word_1_32' title='bbox 1164 481 1224 533; x_wconf 84' lang='lat' dir='ltr'>dub.</span> <span class='ocrx_word' id='word_1_33' title='bbox 1250 493 1273 532; x_wconf 83' lang='lat'>2.</span> <span class='ocrx_word' id='word_1_34' title='bbox 1291 499 1318 534; x_wconf 79' lang='lat' dir='ltr'>n,</span> <span class='ocrx_word' id='word_1_35' title='bbox 1339 493 1381 533; x_wconf 80' lang='lat'>22.</span> <span class='ocrx_word' id='word_1_36' title='bbox 1400 481 1473 534; x_wconf 76' lang='lat' dir='ltr'>ilium</span> <span class='ocrx_word' id='word_1_37' title='bbox 1490 483 1512 533; x_wconf 90' lang='lat' dir='ltr'>si</span> <span class='ocrx_word' id='word_1_38' title='bbox 1534 483 1688 552; x_wconf 68' lang='lat' dir='ltr'>impetratio</span> <span class='ocrx_word' id='word_1_39' title='bbox 1713 483 1837 554; x_wconf 85' lang='lat' dir='ltr'>rescripti</span> <span class='ocrx_word' id='word_1_40' title='bbox 1863 485 1974 550; x_wconf 76' lang='lat' dir='ltr'>alimini</span> <span class='ocrx_word' id='word_1_41' title='bbox 2014 479 2046 523; x_wconf 76' lang='lat'>²⁵</span> 
     </span>
     <span class='ocr_line' id='line_1_5' title="bbox 292 551 1975 637; baseline 0.007 -29"><span class='ocrx_word' id='word_1_42' title='bbox 292 551 367 608; x_wconf 74' lang='lat' dir='ltr'>euim</span> <span class='ocrx_word' id='word_1_43' title='bbox 374 555 427 610; x_wconf 79' lang='lat' dir='ltr'>ent</span> <span class='ocrx_word' id='word_1_44' title='bbox 435 553 534 610; x_wconf 64' lang='lat' dir='ltr'>netas</span> <span class='ocrx_word' id='word_1_45' title='bbox 547 553 787 610; x_wconf 60' lang='lat' dir='ltr'>internecarent</span> <span class='ocrx_word' id='word_1_46' title='bbox 798 557 837 612; x_wconf 85' lang='lat' dir='ltr'>itc</span> <span class='ocrx_word' id='word_1_47' title='bbox 848 557 996 624; x_wconf 79' lang='lat' dir='ltr'>irnmodiir,</span> <span class='ocrx_word' id='word_1_48' title='bbox 1010 573 1041 616; x_wconf 85' lang='lat' dir='ltr'>nt</span> <span class='ocrx_word' id='word_1_49' title='bbox 1052 564 1114 616; x_wconf 87' lang='lat' dir='ltr'>nni·</span> <span class='ocrx_word' id='word_1_50' title='bbox 1166 565 1318 632; x_wconf 85' lang='lat' dir='ltr'>prohibita,</span> <span class='ocrx_word' id='word_1_51' title='bbox 1337 581 1385 637; x_wconf 88' lang='lat' dir='ltr'>pet·</span> <span class='ocrx_word' id='word_1_52' title='bbox 1402 565 1544 618; x_wconf 78' lang='lat' dir='ltr'>etausutam</span> <span class='ocrx_word' id='word_1_53' title='bbox 1566 577 1649 620; x_wconf 89' lang='lat' dir='ltr'>motus</span> <span class='ocrx_word' id='word_1_54' title='bbox 1667 567 1768 637; x_wconf 89' lang='lat' dir='ltr'>proprii</span> <span class='ocrx_word' id='word_1_55' title='bbox 1782 585 1834 620; x_wconf 90' lang='lat' dir='ltr'>uon</span> <span class='ocrx_word' id='word_1_56' title='bbox 1849 577 1975 630; x_wconf 80' lang='lat' dir='ltr'>servatur,</span> 
     </span>
     <span class='ocr_line' id='line_1_6' title="bbox 291 637 1979 718; baseline 0.005 -26"><span class='ocrx_word' id='word_1_57' title='bbox 291 637 351 692; x_wconf 77' lang='lat' dir='ltr'>iam</span> <span class='ocrx_word' id='word_1_58' title='bbox 360 639 486 706; x_wconf 63' lang='lat' dir='ltr'>pathtnr</span> <span class='ocrx_word' id='word_1_59' title='bbox 496 639 688 708; x_wconf 78' lang='lat' dir='ltr'>mutationem,</span> <span class='ocrx_word' id='word_1_60' title='bbox 697 657 758 694; x_wconf 80' lang='lat' dir='ltr'>sum</span> <span class='ocrx_word' id='word_1_61' title='bbox 771 639 1116 700; x_wconf 81' lang='lat' dir='ltr'>omnisnorterstotusscd</span> <span class='ocrx_word' id='word_1_62' title='bbox 1165 644 1241 698; x_wconf 84' lang='lat' dir='ltr'>Ccui.</span> <span class='ocrx_word' id='word_1_63' title='bbox 1260 648 1277 700; x_wconf 88' lang='grc'>1.</span> <span class='ocrx_word' id='word_1_64' title='bbox 1302 649 1350 702; x_wconf 86' lang='lat' dir='ltr'>ult.</span> <span class='ocrx_word' id='word_1_65' title='bbox 1368 666 1390 700; x_wconf 90' lang='lat' dir='ltr'>c.</span> <span class='ocrx_word' id='word_1_66' title='bbox 1415 647 1449 700; x_wconf 83' lang='lat' dir='ltr'>de</span> <span class='ocrx_word' id='word_1_67' title='bbox 1466 647 1572 702; x_wconf 85' lang='lat' dir='ltr'>codort.</span> <span class='ocrx_word' id='word_1_68' title='bbox 1590 648 1704 718; x_wconf 86' lang='lat' dir='ltr'>princip.</span> <span class='ocrx_word' id='word_1_69' title='bbox 1727 647 1777 702; x_wconf 84' lang='lat' dir='ltr'>Sed</span> <span class='ocrx_word' id='word_1_70' title='bbox 1799 648 1918 702; x_wconf 76' lang='lat' dir='ltr'>attenta</span> <span class='ocrx_word' id='word_1_71' title='bbox 1935 657 1979 702; x_wconf 89' lang='lat' dir='ltr'>est</span> 
     </span>
     <span class='ocr_line' id='line_1_7' title="bbox 290 719 1978 800; baseline 0.007 -26"><span class='ocrx_word' id='word_1_72' title='bbox 290 731 422 792; x_wconf 81' lang='lat' dir='ltr'>perpetuo</span> <span class='ocrx_word' id='word_1_73' title='bbox 435 731 511 776; x_wconf 74' lang='lat' dir='ltr'>mun</span> <span class='ocrx_word' id='word_1_74' title='bbox 523 721 665 776; x_wconf 75' lang='lat' dir='ltr'>consistat.</span> <span class='ocrx_word' id='word_1_75' title='bbox 686 719 792 776; x_wconf 69' lang='lat' dir='ltr'>Po&#39;s&#39;sem</span> <span class='ocrx_word' id='word_1_76' title='bbox 813 726 900 794; x_wconf 90' lang='lat' dir='ltr'>plures</span> <span class='ocrx_word' id='word_1_77' title='bbox 919 727 964 780; x_wconf 89' lang='lat' dir='ltr'>bic</span> <span class='ocrx_word' id='word_1_78' title='bbox 982 730 1114 782; x_wconf 90' lang='lat' dir='ltr'>cumulure</span> <span class='ocrx_word' id='word_1_79' title='bbox 1165 731 1292 784; x_wconf 79' lang='lat' dir='ltr'>clausula:</span> <span class='ocrx_word' id='word_1_80' title='bbox 1312 749 1364 785; x_wconf 90' lang='lat' dir='ltr'>nou</span> <span class='ocrx_word' id='word_1_81' title='bbox 1383 729 1520 796; x_wconf 72' lang='lat' dir='ltr'>obstante,</span> <span class='ocrx_word' id='word_1_82' title='bbox 1541 731 1615 784; x_wconf 81' lang='lat' dir='ltr'>Buld.</span> <span class='ocrx_word' id='word_1_83' title='bbox 1634 729 1673 784; x_wconf 83' lang='lat' dir='ltr'>ad</span> <span class='ocrx_word' id='word_1_84' title='bbox 1689 732 1706 783; x_wconf 86' lang='lat' dir='ltr'>i.</span> <span class='ocrx_word' id='word_1_85' title='bbox 1716 729 1773 800; x_wconf 84' lang='lat' dir='ltr'>fin.</span> <span class='ocrx_word' id='word_1_86' title='bbox 1798 750 1822 786; x_wconf 88' lang='lat' dir='ltr'>c.</span> <span class='ocrx_word' id='word_1_87' title='bbox 1843 743 1912 784; x_wconf 85' lang='lat' dir='ltr'>sent.</span> <span class='ocrx_word' id='word_1_88' title='bbox 1934 749 1978 786; x_wconf 84' lang='lat' dir='ltr'>re-</span> 
     </span>
     <span class='ocr_line' id='line_1_8' title="bbox 294 803 1976 888; baseline 0.006 -26"><span class='ocrx_word' id='word_1_89' title='bbox 294 803 416 862; x_wconf 71' lang='lat' dir='ltr'>scubuli</span> <span class='ocrx_word' id='word_1_90' title='bbox 437 815 525 859; x_wconf 86' lang='lat' dir='ltr'>motus</span> <span class='ocrx_word' id='word_1_91' title='bbox 544 807 733 876; x_wconf 80' lang='lat' dir='ltr'>receptiones,</span> <span class='ocrx_word' id='word_1_92' title='bbox 745 825 834 860; x_wconf 86' lang='lat' dir='ltr'>rerum</span> <span class='ocrx_word' id='word_1_93' title='bbox 846 827 904 862; x_wconf 82' lang='lat' dir='ltr'>curn</span> <span class='ocrx_word' id='word_1_94' title='bbox 921 812 989 862; x_wconf 85' lang='lat' dir='ltr'>nulla</span> <span class='ocrx_word' id='word_1_95' title='bbox 1001 830 1058 864; x_wconf 89' lang='lat' dir='ltr'>meo</span> <span class='ocrx_word' id='word_1_96' title='bbox 1071 815 1116 866; x_wconf 92' lang='lat' dir='ltr'>de·</span> <span class='ocrx_word' id='word_1_97' title='bbox 1165 816 1250 869; x_wconf 83' lang='lat' dir='ltr'>scind.</span> <span class='ocrx_word' id='word_1_98' title='bbox 1268 835 1322 872; x_wconf 89' lang='lat' dir='ltr'>non</span> <span class='ocrx_word' id='word_1_99' title='bbox 1339 834 1413 886; x_wconf 84' lang='lat' dir='ltr'>poss.</span> <span class='ocrx_word' id='word_1_100' title='bbox 1433 837 1460 870; x_wconf 88' lang='lat' dir='ltr'>n.</span> <span class='ocrx_word' id='word_1_101' title='bbox 1481 831 1505 869; x_wconf 79' lang='lat' dir='ltr'>s.</span> <span class='ocrx_word' id='word_1_102' title='bbox 1523 834 1599 888; x_wconf 59' lang='lat' dir='ltr'>seqq,</span> <span class='ocrx_word' id='word_1_103' title='bbox 1614 817 1644 870; x_wconf 85' lang='grc' dir='ltr'>Β,</span> <span class='ocrx_word' id='word_1_104' title='bbox 1663 817 1708 870; x_wconf 80' lang='lat' dir='ltr'>dtr.</span> <span class='ocrx_word' id='word_1_105' title='bbox 1729 817 1928 871; x_wconf 83' lang='lat' dir='ltr'>Brunuemann.</span> <span class='ocrx_word' id='word_1_106' title='bbox 1946 818 1976 872; x_wconf 88' lang='lat' dir='ltr'>in</span> 
     </span>
    </p>

    <p class='ocr_par' dir='ltr' id='par_1_4' title="bbox 227 887 2061 1307">
     <span class='ocr_line' id='line_1_9' title="bbox 227 887 1978 972; baseline -0.002 -18"><span class='ocrx_word' id='word_1_107' title='bbox 227 887 257 930; x_wconf 75' lang='lat'>¹²</span> <span class='ocrx_word' id='word_1_108' title='bbox 296 889 396 944; x_wconf 62' lang='lat' dir='ltr'>“witti</span> <span class='ocrx_word' id='word_1_109' title='bbox 413 891 557 954; x_wconf 57' lang='lat' dir='ltr'>imiimi</span> <span class='ocrx_word' id='word_1_110' title='bbox 575 891 670 944; x_wconf 66' lang='lat' dir='ltr'>ittbfflt</span> <span class='ocrx_word' id='word_1_111' title='bbox 688 891 795 945; x_wconf 64' lang='lat' dir='ltr'>utilem</span> <span class='ocrx_word' id='word_1_112' title='bbox 816 903 957 964; x_wconf 86' lang='lat' dir='ltr'>praetereo.</span> <span class='ocrx_word' id='word_1_113' title='bbox 977 895 1116 949; x_wconf 80' lang='lat' dir='ltr'>blobislric</span> <span class='ocrx_word' id='word_1_114' title='bbox 1165 919 1258 954; x_wconf 87' lang='lat' dir='ltr'>comm.</span> <span class='ocrx_word' id='word_1_115' title='bbox 1276 921 1300 955; x_wconf 87' lang='lat' dir='ltr'>c.</span> <span class='ocrx_word' id='word_1_116' title='bbox 1318 903 1356 956; x_wconf 83' lang='lat' dir='ltr'>cd</span> <span class='ocrx_word' id='word_1_117' title='bbox 1372 901 1455 972; x_wconf 72' lang='lat' dir='ltr'>dfin.</span> <span class='ocrx_word' id='word_1_118' title='bbox 1472 900 1500 954; x_wconf 86' lang='lat' dir='ltr'>si</span> <span class='ocrx_word' id='word_1_119' title='bbox 1516 909 1604 956; x_wconf 83' lang='lat' dir='ltr'>contr.</span> <span class='ocrx_word' id='word_1_120' title='bbox 1619 901 1667 971; x_wconf 75' lang='lat' dir='ltr'>ins</span> <span class='ocrx_word' id='word_1_121' title='bbox 1682 902 1731 953; x_wconf 83' lang='lat' dir='ltr'>nel</span> <span class='ocrx_word' id='word_1_122' title='bbox 1748 902 1891 971; x_wconf 82' lang='lat' dir='ltr'>nti1.pnbl.</span> <span class='ocrx_word' id='word_1_123' title='bbox 1906 921 1934 954; x_wconf 86' lang='lat' dir='ltr'>n·</span> <span class='ocrx_word' id='word_1_124' title='bbox 1951 914 1978 956; x_wconf 76' lang='lat' dir='ltr'>t.</span> 
     </span>
     <span class='ocr_line' id='line_1_10' title="bbox 296 971 2061 1055; baseline 0.006 -27"><span class='ocrx_word' id='word_1_125' title='bbox 296 971 433 1046; x_wconf 67' lang='lat' dir='ltr'>significat</span> <span class='ocrx_word' id='word_1_126' title='bbox 451 975 548 1030; x_wconf 70' lang='grc' dir='ltr'>[κίοι</span> <span class='ocrx_word' id='word_1_127' title='bbox 566 974 700 1046; x_wconf 77' lang='lat' dir='ltr'>quotidem</span> <span class='ocrx_word' id='word_1_128' title='bbox 725 976 858 1048; x_wconf 83' lang='lat' dir='ltr'>principis</span> <span class='ocrx_word' id='word_1_129' title='bbox 877 991 1049 1049; x_wconf 76' lang='lat' dir='ltr'>spontaneum</span> <span class='ocrx_word' id='word_1_130' title='bbox 1069 999 1114 1035; x_wconf 91' lang='lat' dir='ltr'>seu</span> <span class='ocrx_word' id='word_1_131' title='bbox 1166 983 1261 1038; x_wconf 73' lang='lat' dir='ltr'>niffen</span> <span class='ocrx_word' id='word_1_132' title='bbox 1281 984 1322 1055; x_wconf 83' lang='lat' dir='ltr'>(s)</span> <span class='ocrx_word' id='word_1_133' title='bbox 1340 1004 1354 1037; x_wconf 90' lang='grc' dir='ltr'>ιι</span> <span class='ocrx_word' id='word_1_134' title='bbox 1374 987 1508 1038; x_wconf 84' lang='lat' dir='ltr'>clausula:</span> <span class='ocrx_word' id='word_1_135' title='bbox 1527 1003 1563 1038; x_wconf 73' lang='lat' dir='ltr'>ex</span> <span class='ocrx_word' id='word_1_136' title='bbox 1581 997 1655 1038; x_wconf 86' lang='lat' dir='ltr'>certo</span> <span class='ocrx_word' id='word_1_137' title='bbox 1672 985 1808 1044; x_wconf 74' lang='lat' dir='ltr'>scientior</span> <span class='ocrx_word' id='word_1_138' title='bbox 1830 1002 1891 1037; x_wconf 79' lang='lat' dir='ltr'>num</span> <span class='ocrx_word' id='word_1_139' title='bbox 1918 985 1979 1040; x_wconf 88' lang='lat' dir='ltr'>licet</span> <span class='ocrx_word' id='word_1_140' title='bbox 2016 983 2061 1047; x_wconf 61' lang='lat'>²2.</span> 
     </span>
     <span class='ocr_line' id='line_1_11' title="bbox 295 1061 1978 1135; baseline 0.001 -16"><span class='ocrx_word' id='word_1_141' title='bbox 295 1063 433 1124; x_wconf 79' lang='lat' dir='ltr'>tttmn,</span> <span class='ocrx_word' id='word_1_142' title='bbox 452 1061 567 1114; x_wconf 79' lang='lat' dir='ltr'>aliorum</span> <span class='ocrx_word' id='word_1_143' title='bbox 593 1061 721 1131; x_wconf 78' lang='lat' dir='ltr'>precibus</span> <span class='ocrx_word' id='word_1_144' title='bbox 738 1079 790 1115; x_wconf 86' lang='lat' dir='ltr'>nott</span> <span class='ocrx_word' id='word_1_145' title='bbox 810 1063 950 1129; x_wconf 86' lang='lat' dir='ltr'>elicitum,</span> <span class='ocrx_word' id='word_1_146' title='bbox 977 1075 1067 1135; x_wconf 83' lang='lat' dir='ltr'>utpote</span> <span class='ocrx_word' id='word_1_147' title='bbox 1084 1068 1113 1119; x_wconf 88' lang='lat' dir='ltr'>in</span> <span class='ocrx_word' id='word_1_148' title='bbox 1165 1064 1978 1134; x_wconf 65' lang='lat' dir='ltr'>baecleusulaeuliasmuximambubeuutaffinitatemeant·</span> 
     </span>
     <span class='ocr_line' id='line_1_12' title="bbox 294 1143 1980 1224; baseline 0.004 -24"><span class='ocrx_word' id='word_1_149' title='bbox 294 1169 347 1222; x_wconf 78' lang='lat' dir='ltr'>qua</span> <span class='ocrx_word' id='word_1_150' title='bbox 365 1143 567 1217; x_wconf 71' lang='lat' dir='ltr'>significatione</span> <span class='ocrx_word' id='word_1_151' title='bbox 583 1163 690 1218; x_wconf 76' lang='lat' dir='ltr'>quoqne</span> <span class='ocrx_word' id='word_1_152' title='bbox 706 1147 822 1201; x_wconf 80' lang='lat' dir='ltr'>mmitcr</span> <span class='ocrx_word' id='word_1_153' title='bbox 833 1147 861 1200; x_wconf 90' lang='lat' dir='ltr'>in</span> <span class='ocrx_word' id='word_1_154' title='bbox 881 1149 899 1200; x_wconf 85' lang='grc' dir='ltr'>Ι.</span> <span class='ocrx_word' id='word_1_155' title='bbox 918 1161 941 1201; x_wconf 76' lang='lat' dir='ltr'>t,</span> <span class='ocrx_word' id='word_1_156' title='bbox 954 1167 977 1200; x_wconf 82' lang='lat' dir='ltr'>c·</span> <span class='ocrx_word' id='word_1_157' title='bbox 990 1151 1023 1203; x_wconf 86' lang='lat' dir='ltr'>de</span> <span class='ocrx_word' id='word_1_158' title='bbox 1034 1151 1113 1222; x_wconf 75' lang='lat' dir='ltr'>legib·</span> <span class='ocrx_word' id='word_1_159' title='bbox 1146 1155 1149 1163; x_wconf 81' lang='lat'><em>&#39;</em></span> <span class='ocrx_word' id='word_1_160' title='bbox 1164 1152 1275 1224; x_wconf 80' lang='lat' dir='ltr'>demque</span> <span class='ocrx_word' id='word_1_161' title='bbox 1288 1153 1339 1207; x_wconf 85' lang='lat' dir='ltr'>rim</span> <span class='ocrx_word' id='word_1_162' title='bbox 1355 1153 1407 1207; x_wconf 81' lang='lat' dir='ltr'>rid.</span> <span class='ocrx_word' id='word_1_163' title='bbox 1427 1154 1564 1218; x_wconf 79' lang='lat' dir='ltr'>Cratette,</span> <span class='ocrx_word' id='word_1_164' title='bbox 1583 1169 1656 1208; x_wconf 85' lang='lat' dir='ltr'>cons.</span> <span class='ocrx_word' id='word_1_165' title='bbox 1675 1163 1734 1204; x_wconf 86' lang='lat' dir='ltr'>ttt.</span> <span class='ocrx_word' id='word_1_166' title='bbox 1752 1170 1781 1205; x_wconf 88' lang='lat' dir='ltr'>n.</span> <span class='ocrx_word' id='word_1_167' title='bbox 1801 1163 1843 1203; x_wconf 79' lang='lat' dir='ltr'>tc.</span> <span class='ocrx_word' id='word_1_168' title='bbox 1859 1169 1927 1206; x_wconf 80' lang='lat' dir='ltr'>cers.</span> <span class='ocrx_word' id='word_1_169' title='bbox 1940 1153 1980 1207; x_wconf 79' lang='lat' dir='ltr'>nd</span> 
     </span>
     <span class='ocr_line' id='line_1_13' title="bbox 296 1229 1977 1307; baseline 0.003 -21"><span class='ocrx_word' id='word_1_170' title='bbox 296 1244 325 1286; x_wconf 88' lang='lat' dir='ltr'>et</span> <span class='ocrx_word' id='word_1_171' title='bbox 343 1233 373 1284; x_wconf 85' lang='lat' dir='ltr'>in</span> <span class='ocrx_word' id='word_1_172' title='bbox 391 1229 455 1285; x_wconf 80' lang='lat' dir='ltr'>c-si</span> <span class='ocrx_word' id='word_1_173' title='bbox 463 1229 669 1300; x_wconf 71' lang='lat' dir='ltr'>uotcpmpn&#39;c.</span> <span class='ocrx_word' id='word_1_174' title='bbox 683 1229 773 1284; x_wconf 56' lang='lat' dir='ltr'>rade</span> <span class='ocrx_word' id='word_1_175' title='bbox 782 1232 925 1300; x_wconf 77' lang='lat' dir='ltr'>praebend.</span> <span class='ocrx_word' id='word_1_176' title='bbox 937 1233 966 1285; x_wconf 91' lang='lat' dir='ltr'>in</span> <span class='ocrx_word' id='word_1_177' title='bbox 984 1247 1007 1288; x_wconf 81' lang='lat' dir='ltr'>u.</span> <span class='ocrx_word' id='word_1_178' title='bbox 1132 1294 1133 1300; x_wconf 16' lang='lat'>¹</span> <span class='ocrx_word' id='word_1_179' title='bbox 1164 1237 1248 1290; x_wconf 80' lang='lat' dir='ltr'>ciens.</span> <span class='ocrx_word' id='word_1_180' title='bbox 1268 1241 1353 1291; x_wconf 78' lang='lat' dir='ltr'>Marte</span> <span class='ocrx_word' id='word_1_181' title='bbox 1371 1238 1405 1291; x_wconf 86' lang='lat' dir='ltr'>de</span> <span class='ocrx_word' id='word_1_182' title='bbox 1423 1239 1510 1293; x_wconf 82' lang='lat' dir='ltr'>ciuus.</span> <span class='ocrx_word' id='word_1_183' title='bbox 1526 1256 1554 1307; x_wconf 89' lang='lat' dir='ltr'>p.</span> <span class='ocrx_word' id='word_1_184' title='bbox 1581 1247 1604 1288; x_wconf 82' lang='lat' dir='ltr'>t.</span> <span class='ocrx_word' id='word_1_185' title='bbox 1621 1239 1706 1289; x_wconf 83' lang='lat' dir='ltr'>ciuus.</span> <span class='ocrx_word' id='word_1_186' title='bbox 1727 1246 1769 1289; x_wconf 83' lang='lat' dir='ltr'>tt.</span> <span class='ocrx_word' id='word_1_187' title='bbox 1789 1255 1816 1288; x_wconf 85' lang='lat' dir='ltr'>n.</span> <span class='ocrx_word' id='word_1_188' title='bbox 1837 1247 1860 1290; x_wconf 83' lang='lat' dir='ltr'>t.</span> <span class='ocrx_word' id='word_1_189' title='bbox 1879 1233 1977 1292; x_wconf 81' lang='lat' dir='ltr'>Effice·</span> 
     </span>
    </p>

    <p class='ocr_par' dir='ltr' id='par_1_5' title="bbox 227 1313 2047 1896">
     <span class='ocr_line' id='line_1_14' title="bbox 227 1313 1977 1391; baseline 0.001 -22"><span class='ocrx_word' id='word_1_190' title='bbox 227 1317 257 1361; x_wconf 80' lang='grc' dir='ltr'>Η</span> <span class='ocrx_word' id='word_1_191' title='bbox 330 1317 384 1370; x_wconf 78' lang='lat' dir='ltr'>Sel</span> <span class='ocrx_word' id='word_1_192' title='bbox 403 1316 506 1386; x_wconf 74' lang='lat' dir='ltr'>reliqua</span> <span class='ocrx_word' id='word_1_193' title='bbox 523 1315 601 1368; x_wconf 77' lang='lat' dir='ltr'>rubri</span> <span class='ocrx_word' id='word_1_194' title='bbox 619 1313 743 1367; x_wconf 78' lang='lat' dir='ltr'>voeabula</span> <span class='ocrx_word' id='word_1_195' title='bbox 761 1315 878 1370; x_wconf 84' lang='lat' dir='ltr'>erolrere</span> <span class='ocrx_word' id='word_1_196' title='bbox 902 1334 1006 1386; x_wconf 84' lang='lat' dir='ltr'>quoqne</span> <span class='ocrx_word' id='word_1_197' title='bbox 1022 1333 1112 1386; x_wconf 72' lang='lat' dir='ltr'>aggre—</span> <span class='ocrx_word' id='word_1_198' title='bbox 1160 1321 1216 1372; x_wconf 89' lang='lat' dir='ltr'>ciur</span> <span class='ocrx_word' id='word_1_199' title='bbox 1235 1331 1320 1376; x_wconf 89' lang='lat' dir='ltr'>tamen</span> <span class='ocrx_word' id='word_1_200' title='bbox 1339 1321 1476 1378; x_wconf 81' lang='lat' dir='ltr'>adhucest</span> <span class='ocrx_word' id='word_1_201' title='bbox 1494 1319 1977 1391; x_wconf 78' lang='lat' dir='ltr'>clausulatexcertescientie,quem</span> 
     </span>
     <span class='ocr_line' id='line_1_15' title="bbox 296 1398 1979 1478; baseline 0.002 -22"><span class='ocrx_word' id='word_1_202' title='bbox 296 1401 379 1468; x_wconf 82' lang='lat' dir='ltr'>dior,</span> <span class='ocrx_word' id='word_1_203' title='bbox 410 1401 456 1454; x_wconf 78' lang='lat' dir='ltr'>ubi</span> <span class='ocrx_word' id='word_1_204' title='bbox 475 1415 505 1454; x_wconf 83' lang='lat' dir='ltr'>se</span> <span class='ocrx_word' id='word_1_205' title='bbox 520 1398 602 1454; x_wconf 64' lang='lat' dir='ltr'>dest</span> <span class='ocrx_word' id='word_1_206' title='bbox 619 1398 775 1454; x_wconf 69' lang='lat' dir='ltr'>mmmm</span> <span class='ocrx_word' id='word_1_207' title='bbox 789 1398 1133 1470; x_wconf 56' lang='lat' dir='ltr'>ittud,praprtom;euij</span> <span class='ocrx_word' id='word_1_208' title='bbox 1162 1405 1242 1457; x_wconf 86' lang='lat' dir='ltr'>olaus.</span> <span class='ocrx_word' id='word_1_209' title='bbox 1266 1419 1354 1461; x_wconf 90' lang='lat' dir='ltr'>motus</span> <span class='ocrx_word' id='word_1_210' title='bbox 1374 1407 1496 1478; x_wconf 89' lang='lat' dir='ltr'>proprii,</span> <span class='ocrx_word' id='word_1_211' title='bbox 1515 1407 1625 1475; x_wconf 81' lang='lat' dir='ltr'>lleyger.</span> <span class='ocrx_word' id='word_1_212' title='bbox 1643 1406 1673 1458; x_wconf 91' lang='lat' dir='ltr'>in</span> <span class='ocrx_word' id='word_1_213' title='bbox 1691 1405 1755 1458; x_wconf 75' lang='lat' dir='ltr'>thes.</span> <span class='ocrx_word' id='word_1_214' title='bbox 1769 1404 1825 1474; x_wconf 72' lang='lat' dir='ltr'>jur.</span> <span class='ocrx_word' id='word_1_215' title='bbox 1844 1404 1884 1457; x_wconf 88' lang='lat' dir='ltr'>tit.</span> <span class='ocrx_word' id='word_1_216' title='bbox 1899 1407 1979 1460; x_wconf 82' lang='lat' dir='ltr'>cinn-</span> 
     </span>
     <span class='ocr_line' id='line_1_16' title="bbox 297 1483 1976 1558; baseline 0.001 -15"><span class='ocrx_word' id='word_1_217' title='bbox 297 1485 462 1558; x_wconf 74' lang='lat' dir='ltr'>siguiflcetio</span> <span class='ocrx_word' id='word_1_218' title='bbox 478 1501 538 1537; x_wconf 83' lang='lat' dir='ltr'>cum</span> <span class='ocrx_word' id='word_1_219' title='bbox 559 1483 589 1536; x_wconf 89' lang='lat' dir='ltr'>in</span> <span class='ocrx_word' id='word_1_220' title='bbox 607 1484 699 1553; x_wconf 68' lang='lat' dir='ltr'>vulgus</span> <span class='ocrx_word' id='word_1_221' title='bbox 718 1493 780 1536; x_wconf 82' lang='lat' dir='ltr'>nott</span> <span class='ocrx_word' id='word_1_222' title='bbox 798 1485 850 1552; x_wconf 89' lang='lat' dir='ltr'>sit,</span> <span class='ocrx_word' id='word_1_223' title='bbox 875 1485 903 1536; x_wconf 88' lang='lat' dir='ltr'>in</span> <span class='ocrx_word' id='word_1_224' title='bbox 928 1483 1018 1537; x_wconf 84' lang='lat' dir='ltr'>endem</span> <span class='ocrx_word' id='word_1_225' title='bbox 1044 1484 1114 1536; x_wconf 79' lang='lat' dir='ltr'>erul-</span> <span class='ocrx_word' id='word_1_226' title='bbox 1160 1488 1270 1541; x_wconf 82' lang='lat' dir='ltr'>cnlu.n.</span> <span class='ocrx_word' id='word_1_227' title='bbox 1288 1491 1535 1544; x_wconf 61' lang='lat' dir='ltr'>emittendae</span> <span class='ocrx_word' id='word_1_228' title='bbox 1551 1490 1658 1556; x_wconf 80' lang='lat' dir='ltr'>protae.</span> <span class='ocrx_word' id='word_1_229' title='bbox 1681 1491 1770 1542; x_wconf 75' lang='lat' dir='ltr'>codt.</span> <span class='ocrx_word' id='word_1_230' title='bbox 1785 1491 1871 1544; x_wconf 87' lang='lat' dir='ltr'>conci.</span> <span class='ocrx_word' id='word_1_231' title='bbox 1898 1501 1976 1545; x_wconf 87' lang='lat' dir='ltr'>ttttttt.</span> 
     </span>
     <span class='ocr_line' id='line_1_17' title="bbox 295 1569 2047 1642; baseline -0.001 -14"><span class='ocrx_word' id='word_1_232' title='bbox 295 1575 380 1628; x_wconf 83' lang='lat' dir='ltr'>rende</span> <span class='ocrx_word' id='word_1_233' title='bbox 399 1573 500 1626; x_wconf 89' lang='lat' dir='ltr'>multus</span> <span class='ocrx_word' id='word_1_234' title='bbox 518 1589 574 1624; x_wconf 86' lang='lat' dir='ltr'>nou</span> <span class='ocrx_word' id='word_1_235' title='bbox 592 1585 647 1624; x_wconf 76' lang='lat' dir='ltr'>cru</span> <span class='ocrx_word' id='word_1_236' title='bbox 665 1569 782 1623; x_wconf 84' lang='lat' dir='ltr'>Unicum</span> <span class='ocrx_word' id='word_1_237' title='bbox 801 1571 850 1624; x_wconf 87' lang='lat' dir='ltr'>boc</span> <span class='ocrx_word' id='word_1_238' title='bbox 867 1571 952 1626; x_wconf 81' lang='lat' dir='ltr'>adhuc</span> <span class='ocrx_word' id='word_1_239' title='bbox 975 1569 1114 1623; x_wconf 73' lang='lat' dir='ltr'>vibebatur</span> <span class='ocrx_word' id='word_1_240' title='bbox 1162 1586 1189 1622; x_wconf 91' lang='lat' dir='ltr'>n.</span> <span class='ocrx_word' id='word_1_241' title='bbox 1206 1583 1228 1624; x_wconf 86' lang='lat' dir='ltr'>t.</span> <span class='ocrx_word' id='word_1_242' title='bbox 1241 1570 1331 1641; x_wconf 69' lang='lat' dir='ltr'>infin.</span> <span class='ocrx_word' id='word_1_243' title='bbox 1344 1573 1543 1626; x_wconf 80' lang='lat' dir='ltr'>Observandum</span> <span class='ocrx_word' id='word_1_244' title='bbox 1562 1589 1681 1642; x_wconf 89' lang='lat' dir='ltr'>quoque,</span> <span class='ocrx_word' id='word_1_245' title='bbox 1700 1573 1830 1625; x_wconf 82' lang='lat' dir='ltr'>clnusules</span> <span class='ocrx_word' id='word_1_246' title='bbox 1849 1574 1937 1640; x_wconf 84' lang='lat' dir='ltr'>hasce,</span> <span class='ocrx_word' id='word_1_247' title='bbox 1951 1577 1974 1630; x_wconf 92' lang='lat' dir='ltr'>si</span> <span class='ocrx_word' id='word_1_248' title='bbox 2013 1583 2047 1626; x_wconf 83' lang='lat' dir='ltr'>ts</span> 
     </span>
     <span class='ocr_line' id='line_1_18' title="bbox 292 1655 1975 1730; baseline 0.001 -18"><span class='ocrx_word' id='word_1_249' title='bbox 292 1655 831 1728; x_wconf 73' lang='lat' dir='ltr'>expediendumrsnnonrectiusdieatur</span> <span class='ocrx_word' id='word_1_250' title='bbox 850 1667 1113 1725; x_wconf 79' lang='lat' dir='ltr'>motnssnns,qnem</span> <span class='ocrx_word' id='word_1_251' title='bbox 1163 1655 1189 1707; x_wconf 89' lang='lat' dir='ltr'>iu</span> <span class='ocrx_word' id='word_1_252' title='bbox 1210 1658 1338 1726; x_wconf 82' lang='lat' dir='ltr'>rescripto</span> <span class='ocrx_word' id='word_1_253' title='bbox 1356 1658 1509 1724; x_wconf 74' lang='lat' dir='ltr'>coniunctae</span> <span class='ocrx_word' id='word_1_254' title='bbox 1528 1657 1599 1719; x_wconf 90' lang='lat' dir='ltr'>siut,</span> <span class='ocrx_word' id='word_1_255' title='bbox 1621 1657 1729 1724; x_wconf 83' lang='lat' dir='ltr'>majoris</span> <span class='ocrx_word' id='word_1_256' title='bbox 1746 1675 1802 1710; x_wconf 90' lang='lat' dir='ltr'>esse</span> <span class='ocrx_word' id='word_1_257' title='bbox 1831 1659 1975 1730; x_wconf 88' lang='lat' dir='ltr'>ponderis,</span> 
     </span>
     <span class='ocr_line' id='line_1_19' title="bbox 293 1739 1979 1816; baseline 0 -18"><span class='ocrx_word' id='word_1_258' title='bbox 293 1741 438 1816; x_wconf 82' lang='lat' dir='ltr'>proprius?</span> <span class='ocrx_word' id='word_1_259' title='bbox 449 1757 511 1796; x_wconf 87' lang='lat' dir='ltr'>eum</span> <span class='ocrx_word' id='word_1_260' title='bbox 523 1740 671 1812; x_wconf 79' lang='lat' dir='ltr'>proprietas</span> <span class='ocrx_word' id='word_1_261' title='bbox 686 1740 787 1807; x_wconf 77' lang='lat' dir='ltr'>injure</span> <span class='ocrx_word' id='word_1_262' title='bbox 800 1739 936 1794; x_wconf 85' lang='lat' dir='ltr'>nostroad</span> <span class='ocrx_word' id='word_1_263' title='bbox 949 1741 1113 1808; x_wconf 80' lang='lat' dir='ltr'>distinguen-</span> <span class='ocrx_word' id='word_1_264' title='bbox 1163 1749 1189 1792; x_wconf 94' lang='lat' dir='ltr'>et</span> <span class='ocrx_word' id='word_1_265' title='bbox 1206 1742 1380 1793; x_wconf 73' lang='lat' dir='ltr'>clausularum</span> <span class='ocrx_word' id='word_1_266' title='bbox 1400 1741 1607 1808; x_wconf 77' lang='lat' dir='ltr'>geminationem</span> <span class='ocrx_word' id='word_1_267' title='bbox 1621 1742 1649 1794; x_wconf 89' lang='lat' dir='ltr'>in</span> <span class='ocrx_word' id='word_1_268' title='bbox 1663 1739 1777 1794; x_wconf 74' lang='lat' dir='ltr'>intorem</span> <span class='ocrx_word' id='word_1_269' title='bbox 1791 1743 1863 1810; x_wconf 72' lang='lat' dir='ltr'>eius,</span> <span class='ocrx_word' id='word_1_270' title='bbox 1875 1745 1917 1796; x_wconf 89' lang='lat' dir='ltr'>cui</span> <span class='ocrx_word' id='word_1_271' title='bbox 1932 1745 1979 1798; x_wconf 87' lang='lat' dir='ltr'>be·</span> 
     </span>
     <span class='ocr_line' id='line_1_20' title="bbox 296 1821 1979 1896; baseline -0.002 -12"><span class='ocrx_word' id='word_1_272' title='bbox 296 1831 330 1884; x_wconf 84' lang='lat' dir='ltr'>ds</span> <span class='ocrx_word' id='word_1_273' title='bbox 349 1825 553 1896; x_wconf 70' lang='lat' dir='ltr'>definiendique</span> <span class='ocrx_word' id='word_1_274' title='bbox 573 1825 693 1879; x_wconf 80' lang='lat' dir='ltr'>dominis</span> <span class='ocrx_word' id='word_1_275' title='bbox 718 1824 850 1895; x_wconf 83' lang='lat' dir='ltr'>inprimis</span> <span class='ocrx_word' id='word_1_276' title='bbox 871 1825 994 1879; x_wconf 79' lang='lat' dir='ltr'>edbiberi</span> <span class='ocrx_word' id='word_1_277' title='bbox 1025 1826 1115 1876; x_wconf 83' lang='lat' dir='ltr'>soleat.</span> <span class='ocrx_word' id='word_1_278' title='bbox 1164 1821 1288 1878; x_wconf 67' lang='lat' dir='ltr'>nebulum</span> <span class='ocrx_word' id='word_1_279' title='bbox 1306 1825 1455 1887; x_wconf 77' lang='lat' dir='ltr'>confertur,</span> <span class='ocrx_word' id='word_1_280' title='bbox 1474 1826 1620 1896; x_wconf 89' lang='lat' dir='ltr'>plurimum</span> <span class='ocrx_word' id='word_1_281' title='bbox 1638 1825 1753 1895; x_wconf 75' lang='lat' dir='ltr'>operari.</span> <span class='ocrx_word' id='word_1_282' title='bbox 1768 1826 1846 1877; x_wconf 71' lang='lat' dir='ltr'>&#39;Petu</span> <span class='ocrx_word' id='word_1_283' title='bbox 1869 1828 1925 1879; x_wconf 82' lang='lat' dir='ltr'>tut.</span> <span class='ocrx_word' id='word_1_284' title='bbox 1945 1827 1979 1881; x_wconf 87' lang='lat' dir='ltr'>de</span> 
     </span>
    </p>

    <p class='ocr_par' dir='ltr' id='par_1_6' title="bbox 228 1909 2049 2242">
     <span class='ocr_line' id='line_1_21' title="bbox 228 1909 1974 1989; baseline 0.001 -21"><span class='ocrx_word' id='word_1_285' title='bbox 228 1915 258 1959; x_wconf 81' lang='lat'>¹⁵</span> <span class='ocrx_word' id='word_1_286' title='bbox 296 1915 471 1970; x_wconf 75' lang='lat' dir='ltr'>Vidcalrin.</span> <span class='ocrx_word' id='word_1_287' title='bbox 484 1912 513 1964; x_wconf 88' lang='lat' dir='ltr'>in</span> <span class='ocrx_word' id='word_1_288' title='bbox 526 1910 607 1966; x_wconf 72' lang='lat' dir='ltr'>lexic.</span> <span class='ocrx_word' id='word_1_289' title='bbox 617 1911 702 1981; x_wconf 79' lang='lat' dir='ltr'>p&#39;nrici.</span> <span class='ocrx_word' id='word_1_290' title='bbox 715 1912 774 1965; x_wconf 79' lang='lat' dir='ltr'>snb.</span> <span class='ocrx_word' id='word_1_291' title='bbox 787 1927 850 1966; x_wconf 83' lang='lat' dir='ltr'>nnc.</span> <span class='ocrx_word' id='word_1_292' title='bbox 861 1910 1113 1982; x_wconf 60' lang='lat' dir='ltr'>propinus-Quem-</span> <span class='ocrx_word' id='word_1_293' title='bbox 1165 1913 1249 1989; x_wconf 74' lang='lat' dir='ltr'>Petrn.</span> <span class='ocrx_word' id='word_1_294' title='bbox 1268 1931 1291 1965; x_wconf 91' lang='lat' dir='ltr'>c.</span> <span class='ocrx_word' id='word_1_295' title='bbox 1305 1923 1399 1980; x_wconf 80' lang='lat' dir='ltr'>tt.qn.</span> <span class='ocrx_word' id='word_1_296' title='bbox 1415 1913 1462 1966; x_wconf 86' lang='lat' dir='ltr'>ult.</span> <span class='ocrx_word' id='word_1_297' title='bbox 1477 1930 1504 1963; x_wconf 87' lang='lat' dir='ltr'>n.</span> <span class='ocrx_word' id='word_1_298' title='bbox 1526 1922 1549 1964; x_wconf 83' lang='lat' dir='ltr'>t.</span> <span class='ocrx_word' id='word_1_299' title='bbox 1570 1912 1700 1982; x_wconf 79' lang='lat' dir='ltr'>Princeps</span> <span class='ocrx_word' id='word_1_300' title='bbox 1718 1911 1791 1964; x_wconf 88' lang='lat' dir='ltr'>enim</span> <span class='ocrx_word' id='word_1_301' title='bbox 1812 1909 1974 1970; x_wconf 79' lang='lat' dir='ltr'>beneficium</span> 
     </span>
     <span class='ocr_line' id='line_1_22' title="bbox 293 1996 1980 2070; baseline 0 -15"><span class='ocrx_word' id='word_1_302' title='bbox 293 2001 438 2055; x_wconf 79' lang='lat' dir='ltr'>admodum</span> <span class='ocrx_word' id='word_1_303' title='bbox 462 2015 567 2070; x_wconf 87' lang='lat' dir='ltr'>quoque</span> <span class='ocrx_word' id='word_1_304' title='bbox 598 1997 697 2051; x_wconf 85' lang='lat' dir='ltr'>rectius</span> <span class='ocrx_word' id='word_1_305' title='bbox 724 1996 805 2048; x_wconf 83' lang='lat' dir='ltr'>scribi</span> <span class='ocrx_word' id='word_1_306' title='bbox 825 1997 931 2062; x_wconf 78' lang='lat' dir='ltr'>solunt,</span> <span class='ocrx_word' id='word_1_307' title='bbox 951 2015 1035 2050; x_wconf 83' lang='lat' dir='ltr'>runnu</span> <span class='ocrx_word' id='word_1_308' title='bbox 1053 2013 1112 2058; x_wconf 84' lang='lat' dir='ltr'>suc,</span> <span class='ocrx_word' id='word_1_309' title='bbox 1161 1997 1980 2067; x_wconf 78' lang='lat' dir='ltr'>concedensmagisvoluntatemsuemenixamtestatusessc</span> 
     </span>
     <span class='ocr_line' id='line_1_23' title="bbox 292 2079 1604 2157; baseline -0.006 -19"><span class='ocrx_word' id='word_1_310' title='bbox 292 2105 373 2157; x_wconf 82' lang='lat' dir='ltr'>quam</span> <span class='ocrx_word' id='word_1_311' title='bbox 393 2103 480 2140; x_wconf 80' lang='lat' dir='ltr'>monn</span> <span class='ocrx_word' id='word_1_312' title='bbox 494 2081 860 2154; x_wconf 73' lang='lat' dir='ltr'>proprie3qiaemrisetiem</span> <span class='ocrx_word' id='word_1_313' title='bbox 874 2079 1111 2152; x_wconf 81' lang='lat' dir='ltr'>manupropriain</span> <span class='ocrx_word' id='word_1_314' title='bbox 1165 2091 1298 2136; x_wconf 87' lang='lat' dir='ltr'>censetur.</span> <span class='ocrx_word' id='word_1_315' title='bbox 1546 2083 1550 2096; x_wconf 91' lang='lat'>&#39;</span> <span class='ocrx_word' id='word_1_316' title='bbox 1603 2121 1604 2126; x_wconf 64' lang='grc'>,</span> 
     </span>
     <span class='ocr_line' id='line_1_24' title="bbox 295 2159 2049 2242; baseline 0 -19"><span class='ocrx_word' id='word_1_317' title='bbox 295 2173 354 2242; x_wconf 78' lang='lat' dir='ltr'>jure</span> <span class='ocrx_word' id='word_1_318' title='bbox 371 2181 464 2223; x_wconf 85' lang='lat' dir='ltr'>nostro</span> <span class='ocrx_word' id='word_1_319' title='bbox 481 2169 600 2238; x_wconf 86' lang='lat' dir='ltr'>positum</span> <span class='ocrx_word' id='word_1_320' title='bbox 619 2166 768 2236; x_wconf 79' lang='lat' dir='ltr'>reperietur</span> <span class='ocrx_word' id='word_1_321' title='bbox 787 2166 815 2218; x_wconf 91' lang='lat' dir='ltr'>in</span> <span class='ocrx_word' id='word_1_322' title='bbox 832 2183 872 2230; x_wconf 86' lang='lat' dir='ltr'>pr.</span> <span class='ocrx_word' id='word_1_323' title='bbox 890 2165 954 2217; x_wconf 87' lang='lat' dir='ltr'>inst.</span> <span class='ocrx_word' id='word_1_324' title='bbox 979 2165 1012 2218; x_wconf 85' lang='lat' dir='ltr'>de</span> <span class='ocrx_word' id='word_1_325' title='bbox 1035 2175 1112 2227; x_wconf 86' lang='lat' dir='ltr'>empt.</span> <span class='ocrx_word' id='word_1_326' title='bbox 1197 2167 1248 2219; x_wconf 89' lang='lat' dir='ltr'>iiis</span> <span class='ocrx_word' id='word_1_327' title='bbox 1267 2167 1302 2218; x_wconf 81' lang='lat' dir='ltr'>ita</span> <span class='ocrx_word' id='word_1_328' title='bbox 1322 2166 1385 2220; x_wconf 87' lang='lat' dir='ltr'>risis</span> <span class='ocrx_word' id='word_1_329' title='bbox 1405 2185 1455 2220; x_wconf 79' lang='lat' dir='ltr'>iton</span> <span class='ocrx_word' id='word_1_330' title='bbox 1475 2165 1539 2219; x_wconf 79' lang='lat' dir='ltr'>adeo</span> <span class='ocrx_word' id='word_1_331' title='bbox 1558 2159 1671 2218; x_wconf 84' lang='lat' dir='ltr'>difficile</span> <span class='ocrx_word' id='word_1_332' title='bbox 1695 2167 1748 2221; x_wconf 88' lang='lat' dir='ltr'>erit</span> <span class='ocrx_word' id='word_1_333' title='bbox 1780 2177 1880 2220; x_wconf 90' lang='lat' dir='ltr'>mutum</span> <span class='ocrx_word' id='word_1_334' title='bbox 1913 2185 1976 2238; x_wconf 87' lang='lat' dir='ltr'>pro-</span> <span class='ocrx_word' id='word_1_335' title='bbox 2015 2179 2049 2223; x_wconf 85' lang='lat' dir='ltr'>ts</span> 
     </span>
    </p>

    <p class='ocr_par' dir='ltr' id='par_1_7' title="bbox 227 2249 1979 2413">
     <span class='ocr_line' id='line_1_25' title="bbox 227 2249 1979 2321; baseline 0.001 -17"><span class='ocrx_word' id='word_1_336' title='bbox 227 2261 257 2305; x_wconf 87' lang='lat' dir='ltr'>ts</span> <span class='ocrx_word' id='word_1_337' title='bbox 296 2268 323 2313; x_wconf 75' lang='lat' dir='ltr'>et</span> <span class='ocrx_word' id='word_1_338' title='bbox 341 2257 419 2310; x_wconf 66' lang='lat' dir='ltr'>rend-</span> <span class='ocrx_word' id='word_1_339' title='bbox 437 2259 535 2310; x_wconf 78' lang='lat' dir='ltr'>Vernm</span> <span class='ocrx_word' id='word_1_340' title='bbox 553 2267 612 2304; x_wconf 89' lang='lat' dir='ltr'>cum</span> <span class='ocrx_word' id='word_1_341' title='bbox 631 2252 685 2304; x_wconf 87' lang='lat' dir='ltr'>Jcti</span> <span class='ocrx_word' id='word_1_342' title='bbox 706 2249 844 2304; x_wconf 83' lang='lat' dir='ltr'>verborum</span> <span class='ocrx_word' id='word_1_343' title='bbox 862 2250 971 2320; x_wconf 88' lang='lat' dir='ltr'>quidem</span> <span class='ocrx_word' id='word_1_344' title='bbox 989 2251 1111 2319; x_wconf 81' lang='lat' dir='ltr'>eliquam,</span> <span class='ocrx_word' id='word_1_345' title='bbox 1162 2250 1251 2319; x_wconf 90' lang='lat' dir='ltr'>prium</span> <span class='ocrx_word' id='word_1_346' title='bbox 1263 2251 1392 2321; x_wconf 87' lang='lat' dir='ltr'>principis</span> <span class='ocrx_word' id='word_1_347' title='bbox 1405 2251 1580 2321; x_wconf 78' lang='lat' dir='ltr'>descriptione</span> <span class='ocrx_word' id='word_1_348' title='bbox 1593 2251 1706 2320; x_wconf 84' lang='lat' dir='ltr'>quadem</span> <span class='ocrx_word' id='word_1_349' title='bbox 1720 2251 1899 2318; x_wconf 51' lang='lat' dir='ltr'>adumbrasse</span> <span class='ocrx_word' id='word_1_350' title='bbox 1913 2253 1979 2307; x_wconf 88' lang='lat' dir='ltr'>binc</span> 
     </span>
     <span class='ocr_line' id='line_1_26' title="bbox 295 2335 1979 2413; baseline -0.004 -18"><span class='ocrx_word' id='word_1_351' title='bbox 295 2342 428 2413; x_wconf 87' lang='lat' dir='ltr'>potiorem</span> <span class='ocrx_word' id='word_1_352' title='bbox 447 2350 537 2391; x_wconf 81' lang='lat' dir='ltr'>temen</span> <span class='ocrx_word' id='word_1_353' title='bbox 556 2353 644 2389; x_wconf 82' lang='lat' dir='ltr'>rernm</span> <span class='ocrx_word' id='word_1_354' title='bbox 656 2336 782 2390; x_wconf 75' lang='lat' dir='ltr'>tutionem</span> <span class='ocrx_word' id='word_1_355' title='bbox 795 2335 891 2386; x_wconf 84' lang='lat' dir='ltr'>babere</span> <span class='ocrx_word' id='word_1_356' title='bbox 904 2335 1034 2399; x_wconf 78' lang='lat' dir='ltr'>debeant,</span> <span class='ocrx_word' id='word_1_357' title='bbox 1052 2353 1113 2406; x_wconf 72' lang='lat' dir='ltr'>erp.</span> <span class='ocrx_word' id='word_1_358' title='bbox 1161 2335 1287 2388; x_wconf 85' lang='lat' dir='ltr'>dicimus:</span> <span class='ocrx_word' id='word_1_359' title='bbox 1308 2348 1406 2388; x_wconf 87' lang='lat' dir='ltr'>motum</span> <span class='ocrx_word' id='word_1_360' title='bbox 1425 2336 1563 2406; x_wconf 88' lang='lat' dir='ltr'>proprium</span> <span class='ocrx_word' id='word_1_361' title='bbox 1584 2335 1714 2405; x_wconf 87' lang='lat' dir='ltr'>principis</span> <span class='ocrx_word' id='word_1_362' title='bbox 1734 2351 1796 2388; x_wconf 81' lang='lat' dir='ltr'>etse</span> <span class='ocrx_word' id='word_1_363' title='bbox 1808 2337 1979 2403; x_wconf 79' lang='lat' dir='ltr'>ultroneam,</span> 
     </span>
    </p>

    <p class='ocr_par' dir='ltr' id='par_1_8' title="bbox 290 2417 2056 2922">
     <span class='ocr_line' id='line_1_27' title="bbox 295 2417 1982 2491; baseline -0.003 -12"><span class='ocrx_word' id='word_1_364' title='bbox 295 2428 313 2480; x_wconf 87' lang='lat' dir='ltr'>l.</span> <span class='ocrx_word' id='word_1_365' title='bbox 331 2425 400 2479; x_wconf 84' lang='lat' dir='ltr'>scire</span> <span class='ocrx_word' id='word_1_366' title='bbox 417 2433 531 2491; x_wconf 83' lang='lat' dir='ltr'>oportet.</span> <span class='ocrx_word' id='word_1_367' title='bbox 552 2432 593 2473; x_wconf 81' lang='lat' dir='ltr'>ts.</span> <span class='ocrx_word' id='word_1_368' title='bbox 611 2417 634 2488; x_wconf 82' lang='grc'>5.</span> <span class='ocrx_word' id='word_1_369' title='bbox 656 2431 680 2470; x_wconf 80' lang='lat' dir='ltr'>t.</span> <span class='ocrx_word' id='word_1_370' title='bbox 698 2437 766 2473; x_wconf 82' lang='lat' dir='ltr'>cers.</span> <span class='ocrx_word' id='word_1_371' title='bbox 784 2421 868 2473; x_wconf 84' lang='lat' dir='ltr'>sedet</span> <span class='ocrx_word' id='word_1_372' title='bbox 879 2419 958 2488; x_wconf 81' lang='lat' dir='ltr'>siff.</span> <span class='ocrx_word' id='word_1_373' title='bbox 972 2421 1005 2474; x_wconf 87' lang='lat' dir='ltr'>de</span> <span class='ocrx_word' id='word_1_374' title='bbox 1018 2435 1111 2475; x_wconf 76' lang='lat' dir='ltr'>exurit.</span> <span class='ocrx_word' id='word_1_375' title='bbox 1165 2431 1190 2472; x_wconf 88' lang='lat' dir='ltr'>et</span> <span class='ocrx_word' id='word_1_376' title='bbox 1204 2439 1222 2473; x_wconf 87' lang='lat' dir='ltr'>o</span> <span class='ocrx_word' id='word_1_377' title='bbox 1237 2437 1268 2472; x_wconf 90' lang='lat' dir='ltr'>se</span> <span class='ocrx_word' id='word_1_378' title='bbox 1286 2420 1358 2489; x_wconf 86' lang='lat' dir='ltr'>ipso,</span> <span class='ocrx_word' id='word_1_379' title='bbox 1372 2437 1428 2472; x_wconf 91' lang='lat' dir='ltr'>non</span> <span class='ocrx_word' id='word_1_380' title='bbox 1441 2418 1512 2484; x_wconf 88' lang='lat' dir='ltr'>clio,</span> <span class='ocrx_word' id='word_1_381' title='bbox 1533 2431 1636 2472; x_wconf 84' lang='lat' dir='ltr'>motum</span> <span class='ocrx_word' id='word_1_382' title='bbox 1654 2418 1787 2488; x_wconf 83' lang='lat' dir='ltr'>principis</span> <span class='ocrx_word' id='word_1_383' title='bbox 1811 2421 1982 2474; x_wconf 82' lang='lat' dir='ltr'>colnntctem</span> 
     </span>
     <span class='ocr_line' id='line_1_28' title="bbox 291 2500 1982 2576; baseline -0.004 -14"><span class='ocrx_word' id='word_1_384' title='bbox 291 2521 340 2566; x_wconf 83' lang='lat' dir='ltr'>tut.</span> <span class='ocrx_word' id='word_1_385' title='bbox 353 2511 372 2561; x_wconf 86' lang='lat' dir='ltr'>l.</span> <span class='ocrx_word' id='word_1_386' title='bbox 383 2505 489 2576; x_wconf 81' lang='lat' dir='ltr'>pemff.</span> <span class='ocrx_word' id='word_1_387' title='bbox 507 2507 546 2558; x_wconf 80' lang='lat' dir='ltr'>cd</span> <span class='ocrx_word' id='word_1_388' title='bbox 561 2504 705 2560; x_wconf 65' lang='lat' dir='ltr'>exhibend.</span> <span class='ocrx_word' id='word_1_389' title='bbox 719 2505 780 2558; x_wconf 85' lang='lat' dir='ltr'>huic</span> <span class='ocrx_word' id='word_1_390' title='bbox 792 2505 989 2559; x_wconf 84' lang='lat' dir='ltr'>controversiae</span> <span class='ocrx_word' id='word_1_391' title='bbox 1000 2521 1043 2556; x_wconf 91' lang='lat' dir='ltr'>me</span> <span class='ocrx_word' id='word_1_392' title='bbox 1057 2522 1112 2558; x_wconf 87' lang='lat' dir='ltr'>non</span> <span class='ocrx_word' id='word_1_393' title='bbox 1161 2521 1209 2559; x_wconf 82' lang='lat' dir='ltr'>seu</span> <span class='ocrx_word' id='word_1_394' title='bbox 1221 2505 1427 2557; x_wconf 80' lang='lat' dir='ltr'>inclinationem</span> <span class='ocrx_word' id='word_1_395' title='bbox 1441 2502 1479 2555; x_wconf 83' lang='lat' dir='ltr'>ed</span> <span class='ocrx_word' id='word_1_396' title='bbox 1490 2501 1595 2570; x_wconf 79' lang='lat' dir='ltr'>aliquid</span> <span class='ocrx_word' id='word_1_397' title='bbox 1593 2500 1759 2570; x_wconf 81' lang='lat' dir='ltr'>faciendum</span> <span class='ocrx_word' id='word_1_398' title='bbox 1783 2502 1829 2554; x_wconf 83' lang='lat' dir='ltr'>cei</span> <span class='ocrx_word' id='word_1_399' title='bbox 1849 2513 1982 2557; x_wconf 81' lang='lat' dir='ltr'>stotnen·</span> 
     </span>
     <span class='ocr_line' id='line_1_29' title="bbox 293 2585 1980 2660; baseline -0.006 -10"><span class='ocrx_word' id='word_1_400' title='bbox 293 2594 448 2659; x_wconf 87' lang='lat' dir='ltr'>committo,</span> <span class='ocrx_word' id='word_1_401' title='bbox 466 2599 621 2652; x_wconf 84' lang='lat' dir='ltr'>contentus,</span> <span class='ocrx_word' id='word_1_402' title='bbox 639 2587 710 2658; x_wconf 90' lang='lat' dir='ltr'>quod</span> <span class='ocrx_word' id='word_1_403' title='bbox 729 2587 784 2659; x_wconf 91' lang='lat' dir='ltr'>ipse</span> <span class='ocrx_word' id='word_1_404' title='bbox 803 2592 948 2659; x_wconf 84' lang='lat' dir='ltr'>imperetur</span> <span class='ocrx_word' id='word_1_405' title='bbox 966 2588 1059 2660; x_wconf 85' lang='lat' dir='ltr'>priora</span> <span class='ocrx_word' id='word_1_406' title='bbox 1079 2589 1112 2642; x_wconf 84' lang='lat' dir='ltr'>ti·</span> <span class='ocrx_word' id='word_1_407' title='bbox 1164 2586 1235 2640; x_wconf 79' lang='lat' dir='ltr'>dnm.</span> <span class='ocrx_word' id='word_1_408' title='bbox 1255 2587 1381 2641; x_wconf 83' lang='lat' dir='ltr'>Enenlel.</span> <span class='ocrx_word' id='word_1_409' title='bbox 1401 2586 1470 2639; x_wconf 73' lang='lat' dir='ltr'>Baro</span> <span class='ocrx_word' id='word_1_410' title='bbox 1486 2585 1652 2655; x_wconf 72' lang='lat' dir='ltr'>deprinileg.</span> <span class='ocrx_word' id='word_1_411' title='bbox 1666 2586 1710 2638; x_wconf 84' lang='lat' dir='ltr'>lib.</span> <span class='ocrx_word' id='word_1_412' title='bbox 1728 2595 1749 2636; x_wconf 90' lang='grc'>1.</span> <span class='ocrx_word' id='word_1_413' title='bbox 1762 2605 1821 2656; x_wconf 71' lang='lat' dir='ltr'>cup,</span> <span class='ocrx_word' id='word_1_414' title='bbox 1841 2599 1865 2636; x_wconf 79' lang='lat' dir='ltr'>t.</span> <span class='ocrx_word' id='word_1_415' title='bbox 1885 2606 1913 2639; x_wconf 85' lang='lat' dir='ltr'>n.</span> <span class='ocrx_word' id='word_1_416' title='bbox 1937 2599 1980 2641; x_wconf 87' lang='lat' dir='ltr'>ts.</span> 
     </span>
     <span class='ocr_line' id='line_1_30' title="bbox 292 2661 1980 2746; baseline -0.007 -11"><span class='ocrx_word' id='word_1_417' title='bbox 292 2682 343 2736; x_wconf 88' lang='lat' dir='ltr'>tuli</span> <span class='ocrx_word' id='word_1_418' title='bbox 361 2679 441 2733; x_wconf 81' lang='lat' dir='ltr'>serbe</span> <span class='ocrx_word' id='word_1_419' title='bbox 459 2673 641 2744; x_wconf 82' lang='lat' dir='ltr'>conjunxerit,</span> <span class='ocrx_word' id='word_1_420' title='bbox 661 2673 706 2724; x_wconf 90' lang='lat' dir='ltr'>sed</span> <span class='ocrx_word' id='word_1_421' title='bbox 725 2673 846 2728; x_wconf 86' lang='lat' dir='ltr'>eamdem</span> <span class='ocrx_word' id='word_1_422' title='bbox 874 2675 979 2727; x_wconf 74' lang='lat' dir='ltr'>senatui</span> <span class='ocrx_word' id='word_1_423' title='bbox 1005 2676 1114 2746; x_wconf 92' lang='lat' dir='ltr'>populo·</span> <span class='ocrx_word' id='word_1_424' title='bbox 1164 2673 1284 2725; x_wconf 83' lang='lat' dir='ltr'>blenoch.</span> <span class='ocrx_word' id='word_1_425' title='bbox 1297 2673 1331 2724; x_wconf 86' lang='lat' dir='ltr'>de</span> <span class='ocrx_word' id='word_1_426' title='bbox 1343 2672 1438 2726; x_wconf 82' lang='lat' dir='ltr'>arbitr.</span> <span class='ocrx_word' id='word_1_427' title='bbox 1447 2671 1505 2740; x_wconf 77' lang='lat' dir='ltr'>ind.</span> <span class='ocrx_word' id='word_1_428' title='bbox 1517 2680 1620 2738; x_wconf 76' lang='lat' dir='ltr'>quaest.</span> <span class='ocrx_word' id='word_1_429' title='bbox 1633 2670 1679 2724; x_wconf 83' lang='lat' dir='ltr'>lib.</span> <span class='ocrx_word' id='word_1_430' title='bbox 1689 2661 1712 2720; x_wconf 68' lang='grc' dir='ltr'>ι’.</span> <span class='ocrx_word' id='word_1_431' title='bbox 1725 2681 1795 2723; x_wconf 88' lang='lat' dir='ltr'>cent.</span> <span class='ocrx_word' id='word_1_432' title='bbox 1808 2684 1830 2723; x_wconf 83' lang='lat' dir='ltr'>s·</span> <span class='ocrx_word' id='word_1_433' title='bbox 1844 2685 1898 2723; x_wconf 87' lang='lat' dir='ltr'>ccs.</span> <span class='ocrx_word' id='word_1_434' title='bbox 1917 2681 1980 2725; x_wconf 84' lang='lat' dir='ltr'>tut.</span> 
     </span>
     <span class='ocr_line' id='line_1_31' title="bbox 293 2751 2056 2836; baseline -0.008 -19"><span class='ocrx_word' id='word_1_435' title='bbox 293 2783 346 2836; x_wconf 86' lang='lat' dir='ltr'>que</span> <span class='ocrx_word' id='word_1_436' title='bbox 363 2763 519 2818; x_wconf 88' lang='lat' dir='ltr'>criticorum</span> <span class='ocrx_word' id='word_1_437' title='bbox 539 2757 737 2828; x_wconf 70' lang='lat' dir='ltr'>dijudicandam</span> <span class='ocrx_word' id='word_1_438' title='bbox 756 2759 895 2829; x_wconf 66' lang='lat' dir='ltr'>reliuqnog</span> <span class='ocrx_word' id='word_1_439' title='bbox 914 2759 1021 2828; x_wconf 85' lang='lat' dir='ltr'>etquid</span> <span class='ocrx_word' id='word_1_440' title='bbox 1037 2759 1114 2829; x_wconf 90' lang='lat' dir='ltr'>prin·</span> <span class='ocrx_word' id='word_1_441' title='bbox 1166 2775 1193 2810; x_wconf 76' lang='lat' dir='ltr'>n·</span> <span class='ocrx_word' id='word_1_442' title='bbox 1214 2769 1256 2808; x_wconf 82' lang='lat' dir='ltr'>ts.</span> <span class='ocrx_word' id='word_1_443' title='bbox 1278 2757 1590 2826; x_wconf 85' lang='lat' dir='ltr'>Descripsimusmotum</span> <span class='ocrx_word' id='word_1_444' title='bbox 1611 2751 1749 2820; x_wconf 82' lang='lat' dir='ltr'>proprium</span> <span class='ocrx_word' id='word_1_445' title='bbox 1777 2751 1906 2822; x_wconf 88' lang='lat' dir='ltr'>principis</span> <span class='ocrx_word' id='word_1_446' title='bbox 1933 2771 1983 2824; x_wconf 85' lang='lat' dir='ltr'>per</span> <span class='ocrx_word' id='word_1_447' title='bbox 2021 2779 2056 2826; x_wconf 57' lang='grc' dir='ltr'><strong>η</strong></span> 
     </span>
     <span class='ocr_line' id='line_1_32' title="bbox 290 2833 1983 2922; baseline -0.006 -21"><span class='ocrx_word' id='word_1_448' title='bbox 290 2865 351 2922; x_wconf 87' lang='lat' dir='ltr'>eeps</span> <span class='ocrx_word' id='word_1_449' title='bbox 370 2849 398 2900; x_wconf 90' lang='lat' dir='ltr'>iu</span> <span class='ocrx_word' id='word_1_450' title='bbox 417 2845 498 2899; x_wconf 81' lang='lat' dir='ltr'>rubro</span> <span class='ocrx_word' id='word_1_451' title='bbox 516 2854 608 2898; x_wconf 83' lang='lat' dir='ltr'>nostro</span> <span class='ocrx_word' id='word_1_452' title='bbox 627 2839 900 2912; x_wconf 81' lang='lat' dir='ltr'>significetbreritct</span> <span class='ocrx_word' id='word_1_453' title='bbox 918 2843 1033 2913; x_wconf 76' lang='lat' dir='ltr'>explico.</span> <span class='ocrx_word' id='word_1_454' title='bbox 1054 2843 1113 2898; x_wconf 81' lang='lat' dir='ltr'>Non</span> <span class='ocrx_word' id='word_1_455' title='bbox 1165 2843 1323 2897; x_wconf 81' lang='lat' dir='ltr'>voluntatem</span> <span class='ocrx_word' id='word_1_456' title='bbox 1343 2859 1388 2893; x_wconf 90' lang='lat' dir='ltr'>seu</span> <span class='ocrx_word' id='word_1_457' title='bbox 1407 2839 1607 2893; x_wconf 83' lang='lat' dir='ltr'>inclinationem</span> <span class='ocrx_word' id='word_1_458' title='bbox 1626 2833 1784 2898; x_wconf 79' lang='lat' dir='ltr'>ultroneum,</span> <span class='ocrx_word' id='word_1_459' title='bbox 1816 2836 1849 2886; x_wconf 87' lang='lat' dir='ltr'>ed</span> <span class='ocrx_word' id='word_1_460' title='bbox 1878 2839 1983 2891; x_wconf 84' lang='lat' dir='ltr'>consti·</span> 
     </span>
    </p>
   </div>
   <div class='ocr_carea' id='block_1_4' title="bbox 290 2917 1982 3084">
    <p class='ocr_par' dir='ltr' id='par_1_9' title="bbox 290 2917 1982 3084">
     <span class='ocr_line' id='line_1_33' title="bbox 290 2917 1981 2997; baseline -0.005 -11"><span class='ocrx_word' id='word_1_461' title='bbox 290 2945 380 2991; x_wconf 78' lang='lat' dir='ltr'>eutem</span> <span class='ocrx_word' id='word_1_462' title='bbox 399 2931 477 2985; x_wconf 86' lang='lat' dir='ltr'>nobis</span> <span class='ocrx_word' id='word_1_463' title='bbox 496 2929 540 2982; x_wconf 90' lang='lat' dir='ltr'>bic</span> <span class='ocrx_word' id='word_1_464' title='bbox 560 2927 713 2982; x_wconf 83' lang='lat' dir='ltr'>rocebulur&#39;n</span> <span class='ocrx_word' id='word_1_465' title='bbox 733 2927 869 2997; x_wconf 86' lang='lat' dir='ltr'>principis</span> <span class='ocrx_word' id='word_1_466' title='bbox 894 2927 1003 2983; x_wconf 88' lang='lat' dir='ltr'>denotut</span> <span class='ocrx_word' id='word_1_467' title='bbox 1027 2929 1113 2989; x_wconf 65' lang='lat' dir='ltr'>impu</span> <span class='ocrx_word' id='word_1_468' title='bbox 1166 2927 1288 2974; x_wconf 69' lang='lat' dir='ltr'>ruendum</span> <span class='ocrx_word' id='word_1_469' title='bbox 1307 2917 1485 2971; x_wconf 85' lang='lat' dir='ltr'>dttrerentinm</span> <span class='ocrx_word' id='word_1_470' title='bbox 1507 2919 1579 2970; x_wconf 89' lang='lat' dir='ltr'>inter</span> <span class='ocrx_word' id='word_1_471' title='bbox 1598 2936 1646 2983; x_wconf 81' lang='lat' dir='ltr'>ee,</span> <span class='ocrx_word' id='word_1_472' title='bbox 1664 2933 1731 2986; x_wconf 79' lang='lat' dir='ltr'>quae</span> <span class='ocrx_word' id='word_1_473' title='bbox 1760 2917 1791 2970; x_wconf 87' lang='lat' dir='ltr'>ad</span> <span class='ocrx_word' id='word_1_474' title='bbox 1822 2920 1981 2977; x_wconf 85' lang='lat' dir='ltr'>instantiam</span> 
     </span>
     <span class='ocr_line' id='line_1_34' title="bbox 290 2999 1982 3084; baseline -0.009 -9"><span class='ocrx_word' id='word_1_475' title='bbox 290 3028 423 3082; x_wconf 80' lang='lat' dir='ltr'>retorem,</span> <span class='ocrx_word' id='word_1_476' title='bbox 440 3009 659 3084; x_wconf 77' lang='lat' dir='ltr'>quemadmodum</span> <span class='ocrx_word' id='word_1_477' title='bbox 679 3012 856 3054; x_wconf 69' lang='lat' dir='ltr'>oomiuuutter</span> <span class='ocrx_word' id='word_1_478' title='bbox 876 3006 905 3052; x_wconf 85' lang='lat' dir='ltr'>in</span> <span class='ocrx_word' id='word_1_479' title='bbox 925 3002 982 3067; x_wconf 85' lang='lat' dir='ltr'>jure</span> <span class='ocrx_word' id='word_1_480' title='bbox 1002 3015 1113 3067; x_wconf 87' lang='lat' dir='ltr'>nostro,</span> <span class='ocrx_word' id='word_1_481' title='bbox 1164 3006 1203 3059; x_wconf 84' lang='lat' dir='ltr'>rel</span> <span class='ocrx_word' id='word_1_482' title='bbox 1221 3004 1378 3075; x_wconf 81' lang='lat' dir='ltr'>petitionem</span> <span class='ocrx_word' id='word_1_483' title='bbox 1396 3001 1512 3072; x_wconf 80' lang='lat' dir='ltr'>partium</span> <span class='ocrx_word' id='word_1_484' title='bbox 1530 2999 1620 3066; x_wconf 78' lang='lat' dir='ltr'>lium,</span> <span class='ocrx_word' id='word_1_485' title='bbox 1639 3011 1667 3053; x_wconf 92' lang='lat' dir='ltr'>et</span> <span class='ocrx_word' id='word_1_486' title='bbox 1686 3018 1728 3064; x_wconf 78' lang='lat' dir='ltr'>ee,</span> <span class='ocrx_word' id='word_1_487' title='bbox 1742 3019 1807 3072; x_wconf 81' lang='lat' dir='ltr'>quae</span> <span class='ocrx_word' id='word_1_488' title='bbox 1828 3015 1901 3058; x_wconf 91' lang='lat' dir='ltr'>motu</span> <span class='ocrx_word' id='word_1_489' title='bbox 1922 3026 1982 3078; x_wconf 87' lang='lat' dir='ltr'>pro·</span> 
     </span>
    </p>
   </div>
   <div class='ocr_carea' id='block_1_5' title="bbox 228 3081 2101 5794">
    <p class='ocr_par' dir='ltr' id='par_1_10' title="bbox 288 3081 2056 3674">
     <span class='ocr_line' id='line_1_35' title="bbox 291 3081 1982 3174; baseline -0.005 -19"><span class='ocrx_word' id='word_1_490' title='bbox 291 3101 399 3174; x_wconf 80' lang='lat' dir='ltr'>quenda</span> <span class='ocrx_word' id='word_1_491' title='bbox 416 3101 533 3148; x_wconf 74' lang='lat' dir='ltr'>absolute</span> <span class='ocrx_word' id='word_1_492' title='bbox 553 3088 669 3161; x_wconf 88' lang='lat' dir='ltr'>positum</span> <span class='ocrx_word' id='word_1_493' title='bbox 689 3093 746 3150; x_wconf 90' lang='lat' dir='ltr'>est,</span> <span class='ocrx_word' id='word_1_494' title='bbox 765 3081 912 3153; x_wconf 72' lang='lat' dir='ltr'>accipitur,</span> <span class='ocrx_word' id='word_1_495' title='bbox 931 3092 961 3136; x_wconf 91' lang='lat' dir='ltr'>ut</span> <span class='ocrx_word' id='word_1_496' title='bbox 985 3085 1014 3135; x_wconf 89' lang='lat' dir='ltr'>in</span> <span class='ocrx_word' id='word_1_497' title='bbox 1028 3091 1050 3146; x_wconf 73' lang='grc' dir='ltr'>ς.</span> <span class='ocrx_word' id='word_1_498' title='bbox 1068 3087 1118 3139; x_wconf 84' lang='lat' dir='ltr'>sed</span> <span class='ocrx_word' id='word_1_499' title='bbox 1165 3091 1224 3162; x_wconf 90' lang='lat' dir='ltr'>prio</span> <span class='ocrx_word' id='word_1_500' title='bbox 1244 3087 1325 3152; x_wconf 75' lang='lat' dir='ltr'>buut3</span> <span class='ocrx_word' id='word_1_501' title='bbox 1344 3107 1405 3141; x_wconf 84' lang='lat' dir='ltr'>nam</span> <span class='ocrx_word' id='word_1_502' title='bbox 1422 3089 1484 3158; x_wconf 84' lang='lat' dir='ltr'>quia</span> <span class='ocrx_word' id='word_1_503' title='bbox 1503 3087 1582 3150; x_wconf 82' lang='lat' dir='ltr'>haer,</span> <span class='ocrx_word' id='word_1_504' title='bbox 1601 3103 1667 3155; x_wconf 84' lang='lat' dir='ltr'>quae</span> <span class='ocrx_word' id='word_1_505' title='bbox 1686 3098 1759 3138; x_wconf 93' lang='lat' dir='ltr'>motu</span> <span class='ocrx_word' id='word_1_506' title='bbox 1783 3091 1891 3161; x_wconf 83' lang='lat' dir='ltr'>proprio</span> <span class='ocrx_word' id='word_1_507' title='bbox 1916 3109 1982 3146; x_wconf 86' lang='lat' dir='ltr'>coo·</span> 
     </span>
     <span class='ocr_line' id='line_1_36' title="bbox 291 3166 1981 3258; baseline -0.007 -18"><span class='ocrx_word' id='word_1_508' title='bbox 291 3196 319 3244; x_wconf 76' lang='lat' dir='ltr'>et</span> <span class='ocrx_word' id='word_1_509' title='bbox 334 3181 407 3258; x_wconf 69' lang='lat' dir='ltr'>prod</span> <span class='ocrx_word' id='word_1_510' title='bbox 422 3174 551 3250; x_wconf 84' lang='lat' dir='ltr'>principi.</span> <span class='ocrx_word' id='word_1_511' title='bbox 570 3172 635 3226; x_wconf 76' lang='lat' dir='ltr'>inst·</span> <span class='ocrx_word' id='word_1_512' title='bbox 650 3170 682 3224; x_wconf 81' lang='lat' dir='ltr'>de</span> <span class='ocrx_word' id='word_1_513' title='bbox 696 3168 832 3238; x_wconf 76' lang='lat' dir='ltr'>iun-not.</span> <span class='ocrx_word' id='word_1_514' title='bbox 861 3178 935 3238; x_wconf 70' lang='lat' dir='ltr'>gent.</span> <span class='ocrx_word' id='word_1_515' title='bbox 968 3178 995 3221; x_wconf 86' lang='lat' dir='ltr'>et</span> <span class='ocrx_word' id='word_1_516' title='bbox 1021 3166 1074 3221; x_wconf 83' lang='lat' dir='ltr'>civ·</span> <span class='ocrx_word' id='word_1_517' title='bbox 1095 3169 1113 3220; x_wconf 74' lang='lat'>1·</span> <span class='ocrx_word' id='word_1_518' title='bbox 1163 3177 1307 3239; x_wconf 87' lang='lat' dir='ltr'>ceduntur,</span> <span class='ocrx_word' id='word_1_519' title='bbox 1327 3175 1409 3242; x_wconf 82' lang='lat' dir='ltr'>mugis</span> <span class='ocrx_word' id='word_1_520' title='bbox 1428 3181 1490 3226; x_wconf 90' lang='lat' dir='ltr'>snut</span> <span class='ocrx_word' id='word_1_521' title='bbox 1508 3171 1658 3227; x_wconf 78' lang='lat' dir='ltr'>rolttutariu</span> <span class='ocrx_word' id='word_1_522' title='bbox 1681 3172 1817 3242; x_wconf 64' lang='lat' dir='ltr'>magisque</span> <span class='ocrx_word' id='word_1_523' title='bbox 1842 3175 1981 3245; x_wconf 81' lang='lat' dir='ltr'>liberalis,</span> 
     </span>
     <span class='ocr_line' id='line_1_37' title="bbox 291 3250 1980 3342; baseline -0.007 -17"><span class='ocrx_word' id='word_1_524' title='bbox 291 3268 481 3342; x_wconf 67' lang='lat' dir='ltr'>princeputt.</span> <span class='ocrx_word' id='word_1_525' title='bbox 489 3256 524 3326; x_wconf 77' lang='lat' dir='ltr'><em>ff</em></span> <span class='ocrx_word' id='word_1_526' title='bbox 536 3258 570 3312; x_wconf 82' lang='lat' dir='ltr'>de</span> <span class='ocrx_word' id='word_1_527' title='bbox 582 3255 611 3307; x_wconf 81' lang='lat' dir='ltr'>ii·</span> <span class='ocrx_word' id='word_1_528' title='bbox 620 3253 638 3308; x_wconf 83' lang='lat' dir='ltr'>i.</span> <span class='ocrx_word' id='word_1_529' title='bbox 650 3253 718 3311; x_wconf 78' lang='lat' dir='ltr'>bene</span> <span class='ocrx_word' id='word_1_530' title='bbox 733 3267 752 3303; x_wconf 80' lang='lat' dir='ltr'>tt</span> <span class='ocrx_word' id='word_1_531' title='bbox 765 3250 887 3303; x_wconf 72' lang='lat' dir='ltr'>chtttle·</span> <span class='ocrx_word' id='word_1_532' title='bbox 902 3263 924 3303; x_wconf 78' lang='lat'>³·</span> <span class='ocrx_word' id='word_1_533' title='bbox 938 3267 959 3302; x_wconf 80' lang='lat'>0·</span> <span class='ocrx_word' id='word_1_534' title='bbox 973 3250 1006 3302; x_wconf 62' lang='grc' dir='ltr'>δὲ</span> <span class='ocrx_word' id='word_1_535' title='bbox 1018 3251 1114 3321; x_wconf 62' lang='lat' dir='ltr'>quadr·</span> <span class='ocrx_word' id='word_1_536' title='bbox 1165 3260 1223 3312; x_wconf 90' lang='lat' dir='ltr'>ideo</span> <span class='ocrx_word' id='word_1_537' title='bbox 1242 3257 1400 3328; x_wconf 87' lang='lat' dir='ltr'>empliorem</span> <span class='ocrx_word' id='word_1_538' title='bbox 1419 3272 1521 3325; x_wconf 74' lang='lat' dir='ltr'>quoque</span> <span class='ocrx_word' id='word_1_539' title='bbox 1540 3256 1786 3327; x_wconf 81' lang='lat' dir='ltr'>interpretationem</span> <span class='ocrx_word' id='word_1_540' title='bbox 1812 3257 1980 3328; x_wconf 78' lang='lat' dir='ltr'>admittunt,</span> 
     </span>
     <span class='ocr_line' id='line_1_38' title="bbox 288 3333 1980 3426; baseline -0.004 -20"><span class='ocrx_word' id='word_1_541' title='bbox 288 3367 408 3426; x_wconf 82' lang='lat' dir='ltr'>praescr.</span> <span class='ocrx_word' id='word_1_542' title='bbox 429 3341 490 3414; x_wconf 82' lang='lat' dir='ltr'>¹·s·</span> <span class='ocrx_word' id='word_1_543' title='bbox 512 3353 535 3396; x_wconf 84' lang='lat' dir='ltr'>t.</span> <span class='ocrx_word' id='word_1_544' title='bbox 554 3351 581 3396; x_wconf 85' lang='lat' dir='ltr'>et</span> <span class='ocrx_word' id='word_1_545' title='bbox 601 3336 665 3406; x_wconf 58' lang='lat' dir='ltr'>bf</span> <span class='ocrx_word' id='word_1_546' title='bbox 688 3349 728 3391; x_wconf 83' lang='lat' dir='ltr'>to·</span> <span class='ocrx_word' id='word_1_547' title='bbox 749 3334 801 3390; x_wconf 87' lang='lat' dir='ltr'>Sed</span> <span class='ocrx_word' id='word_1_548' title='bbox 820 3334 899 3386; x_wconf 80' lang='lat' dir='ltr'>letior</span> <span class='ocrx_word' id='word_1_549' title='bbox 923 3333 1050 3404; x_wconf 82' lang='lat' dir='ltr'>quaedum</span> <span class='ocrx_word' id='word_1_550' title='bbox 1077 3334 1114 3387; x_wconf 91' lang='lat' dir='ltr'>ei·</span> <span class='ocrx_word' id='word_1_551' title='bbox 1162 3365 1213 3400; x_wconf 87' lang='lat' dir='ltr'>nec</span> <span class='ocrx_word' id='word_1_552' title='bbox 1238 3343 1304 3398; x_wconf 78' lang='lat' dir='ltr'>titio</span> <span class='ocrx_word' id='word_1_553' title='bbox 1323 3343 1412 3395; x_wconf 88' lang='lat' dir='ltr'>sub-et</span> <span class='ocrx_word' id='word_1_554' title='bbox 1429 3339 1593 3410; x_wconf 87' lang='lat' dir='ltr'>obreptionis</span> <span class='ocrx_word' id='word_1_555' title='bbox 1622 3341 1724 3406; x_wconf 77' lang='lat' dir='ltr'>notari,</span> <span class='ocrx_word' id='word_1_556' title='bbox 1756 3357 1803 3393; x_wconf 91' lang='lat' dir='ltr'>nec</span> <span class='ocrx_word' id='word_1_557' title='bbox 1826 3347 1980 3413; x_wconf 84' lang='lat' dir='ltr'>retorqueri</span> 
     </span>
     <span class='ocr_line' id='line_1_39' title="bbox 291 3419 1981 3502; baseline -0.009 -6"><span class='ocrx_word' id='word_1_558' title='bbox 291 3441 352 3496; x_wconf 87' lang='lat' dir='ltr'>dem</span> <span class='ocrx_word' id='word_1_559' title='bbox 373 3437 417 3490; x_wconf 83' lang='lat' dir='ltr'>tte</span> <span class='ocrx_word' id='word_1_560' title='bbox 435 3428 575 3489; x_wconf 76' lang='lat' dir='ltr'>tribuentia</span> <span class='ocrx_word' id='word_1_561' title='bbox 594 3427 649 3480; x_wconf 88' lang='lat' dir='ltr'>erit</span> <span class='ocrx_word' id='word_1_562' title='bbox 669 3419 849 3493; x_wconf 78' lang='lat' dir='ltr'>significatio,</span> <span class='ocrx_word' id='word_1_563' title='bbox 869 3439 917 3491; x_wconf 82' lang='lat' dir='ltr'>pto</span> <span class='ocrx_word' id='word_1_564' title='bbox 933 3419 1007 3474; x_wconf 72' lang='lat' dir='ltr'>omni</span> <span class='ocrx_word' id='word_1_565' title='bbox 1019 3437 1058 3484; x_wconf 85' lang='lat' dir='ltr'>eo,</span> <span class='ocrx_word' id='word_1_566' title='bbox 1072 3421 1114 3472; x_wconf 61' lang='lat'>01¹5</span> <span class='ocrx_word' id='word_1_567' title='bbox 1170 3439 1288 3502; x_wconf 87' lang='lat' dir='ltr'>possunt.</span> <span class='ocrx_word' id='word_1_568' title='bbox 1303 3427 1393 3478; x_wconf 78' lang='lat' dir='ltr'>ttuhn.</span> <span class='ocrx_word' id='word_1_569' title='bbox 1406 3425 1444 3477; x_wconf 87' lang='lat' dir='ltr'>cd</span> <span class='ocrx_word' id='word_1_570' title='bbox 1454 3423 1494 3476; x_wconf 84' lang='lat' dir='ltr'>tit.</span> <span class='ocrx_word' id='word_1_571' title='bbox 1497 3421 1539 3492; x_wconf 84' lang='lat' dir='ltr'><em>ff</em></span> <span class='ocrx_word' id='word_1_572' title='bbox 1549 3423 1581 3477; x_wconf 87' lang='lat' dir='ltr'>de</span> <span class='ocrx_word' id='word_1_573' title='bbox 1589 3433 1674 3476; x_wconf 83' lang='lat' dir='ltr'>const.</span> <span class='ocrx_word' id='word_1_574' title='bbox 1684 3424 1799 3496; x_wconf 85' lang='lat' dir='ltr'>princip.</span> <span class='ocrx_word' id='word_1_575' title='bbox 1822 3445 1850 3480; x_wconf 82' lang='lat' dir='ltr'>n·</span> <span class='ocrx_word' id='word_1_576' title='bbox 1864 3437 1888 3478; x_wconf 84' lang='lat' dir='ltr'>t.</span> <span class='ocrx_word' id='word_1_577' title='bbox 1901 3427 1981 3480; x_wconf 84' lang='lat' dir='ltr'>Coni.</span> 
     </span>
     <span class='ocr_line' id='line_1_40' title="bbox 293 3503 2056 3596; baseline -0.006 -16"><span class='ocrx_word' id='word_1_578' title='bbox 293 3521 419 3596; x_wconf 62' lang='lat' dir='ltr'>&#39;tinniit</span> <span class='ocrx_word' id='word_1_579' title='bbox 439 3511 605 3573; x_wconf 63' lang='lat' dir='ltr'>tttsstiillsslil</span> <span class='ocrx_word' id='word_1_580' title='bbox 631 3519 660 3563; x_wconf 66' lang='lat'>⁰²</span> <span class='ocrx_word' id='word_1_581' title='bbox 677 3510 747 3577; x_wconf 53' lang='lat' dir='ltr'>libel</span> <span class='ocrx_word' id='word_1_582' title='bbox 765 3503 871 3560; x_wconf 61' lang='lat' dir='ltr'>imin</span> <span class='ocrx_word' id='word_1_583' title='bbox 889 3503 1019 3574; x_wconf 56' lang='lat' dir='ltr'>millii</span> <span class='ocrx_word' id='word_1_584' title='bbox 1041 3503 1114 3557; x_wconf 61' lang='lat' dir='ltr'>“illc</span> <span class='ocrx_word' id='word_1_585' title='bbox 1164 3512 1312 3584; x_wconf 83' lang='lat' dir='ltr'>insrccap.</span> <span class='ocrx_word' id='word_1_586' title='bbox 1336 3511 1369 3562; x_wconf 81' lang='lat' dir='ltr'>ds</span> <span class='ocrx_word' id='word_1_587' title='bbox 1392 3506 1480 3578; x_wconf 82' lang='lat' dir='ltr'>effect.</span> <span class='ocrx_word' id='word_1_588' title='bbox 1499 3507 1605 3578; x_wconf 64' lang='lat' dir='ltr'>positio.</span> <span class='ocrx_word' id='word_1_589' title='bbox 1626 3509 1756 3562; x_wconf 74' lang='lat' dir='ltr'>Dividunt</span> <span class='ocrx_word' id='word_1_590' title='bbox 1774 3523 1858 3565; x_wconf 87' lang='lat' dir='ltr'>autem</span> <span class='ocrx_word' id='word_1_591' title='bbox 1879 3524 1983 3568; x_wconf 88' lang='lat' dir='ltr'>mutum</span> <span class='ocrx_word' id='word_1_592' title='bbox 2021 3527 2056 3570; x_wconf 86' lang='lat' dir='ltr'>so</span> 
     </span>
     <span class='ocr_line' id='line_1_41' title="bbox 294 3593 1982 3674; baseline 0.001 -24"><span class='ocrx_word' id='word_1_593' title='bbox 294 3607 391 3674; x_wconf 54' lang='lat' dir='ltr'>pylum,</span> <span class='ocrx_word' id='word_1_594' title='bbox 413 3601 447 3658; x_wconf 74' lang='lat' dir='ltr'>de</span> <span class='ocrx_word' id='word_1_595' title='bbox 464 3617 515 3674; x_wconf 80' lang='lat' dir='ltr'>que</span> <span class='ocrx_word' id='word_1_596' title='bbox 535 3599 564 3650; x_wconf 88' lang='lat' dir='ltr'>ln</span> <span class='ocrx_word' id='word_1_597' title='bbox 584 3613 609 3648; x_wconf 79' lang='lat' dir='ltr'>rt.</span> <span class='ocrx_word' id='word_1_598' title='bbox 632 3605 673 3650; x_wconf 83' lang='lat' dir='ltr'>ts.</span> <span class='ocrx_word' id='word_1_599' title='bbox 694 3607 767 3664; x_wconf 76' lang='lat' dir='ltr'>seqq.</span> <span class='ocrx_word' id='word_1_600' title='bbox 1147 3595 1302 3670; x_wconf 67' lang='lat' dir='ltr'>&#39;proprium</span> <span class='ocrx_word' id='word_1_601' title='bbox 1323 3595 1350 3647; x_wconf 94' lang='lat' dir='ltr'>in</span> <span class='ocrx_word' id='word_1_602' title='bbox 1372 3612 1476 3659; x_wconf 84' lang='lat' dir='ltr'>verum,</span> <span class='ocrx_word' id='word_1_603' title='bbox 1497 3603 1525 3647; x_wconf 90' lang='lat' dir='ltr'>et</span> <span class='ocrx_word' id='word_1_604' title='bbox 1550 3593 1713 3647; x_wconf 82' lang='lat' dir='ltr'>simulatum.</span> <span class='ocrx_word' id='word_1_605' title='bbox 1743 3597 1840 3648; x_wconf 83' lang='lat' dir='ltr'>Verum</span> <span class='ocrx_word' id='word_1_606' title='bbox 1873 3597 1982 3666; x_wconf 83' lang='lat' dir='ltr'>dicunt,</span> 
     </span>
    </p>

    <p class='ocr_par' dir='ltr' id='par_1_11' title="bbox 228 3674 2052 4016">
     <span class='ocr_line' id='line_1_42' title="bbox 228 3674 1985 3753; baseline -0.012 -6"><span class='ocrx_word' id='word_1_607' title='bbox 228 3679 256 3726; x_wconf 78' lang='lat'>¹⁸</span> <span class='ocrx_word' id='word_1_608' title='bbox 332 3693 364 3746; x_wconf 78' lang='lat' dir='ltr'>lit</span> <span class='ocrx_word' id='word_1_609' title='bbox 382 3697 484 3744; x_wconf 81' lang='lat' dir='ltr'>tentum</span> <span class='ocrx_word' id='word_1_610' title='bbox 503 3681 611 3753; x_wconf 79' lang='lat' dir='ltr'>quidem</span> <span class='ocrx_word' id='word_1_611' title='bbox 631 3674 1114 3734; x_wconf 70' lang='lat' dir='ltr'>desocubulisinsensudirisocun·</span> <span class='ocrx_word' id='word_1_612' title='bbox 1164 3683 1269 3753; x_wconf 72' lang='lat' dir='ltr'>quando</span> <span class='ocrx_word' id='word_1_613' title='bbox 1288 3679 1411 3750; x_wconf 79' lang='lat' dir='ltr'>princeps</span> <span class='ocrx_word' id='word_1_614' title='bbox 1429 3677 1531 3747; x_wconf 84' lang='lat' dir='ltr'>ubsque</span> <span class='ocrx_word' id='word_1_615' title='bbox 1555 3678 1634 3729; x_wconf 91' lang='lat' dir='ltr'>ullius</span> <span class='ocrx_word' id='word_1_616' title='bbox 1660 3677 1791 3747; x_wconf 87' lang='lat' dir='ltr'>petitione</span> <span class='ocrx_word' id='word_1_617' title='bbox 1811 3683 1930 3736; x_wconf 62' lang='lat' dir='ltr'>ultronee</span> <span class='ocrx_word' id='word_1_618' title='bbox 1949 3681 1985 3736; x_wconf 86' lang='lat' dir='ltr'>ad</span> 
     </span>
     <span class='ocr_line' id='line_1_43' title="bbox 293 3759 1981 3840; baseline -0.011 -9"><span class='ocrx_word' id='word_1_619' title='bbox 293 3775 428 3832; x_wconf 75' lang='lat' dir='ltr'>sideritis.</span> <span class='ocrx_word' id='word_1_620' title='bbox 448 3773 479 3824; x_wconf 90' lang='lat' dir='ltr'>ln</span> <span class='ocrx_word' id='word_1_621' title='bbox 499 3783 578 3822; x_wconf 86' lang='lat' dir='ltr'>sensu</span> <span class='ocrx_word' id='word_1_622' title='bbox 596 3763 764 3834; x_wconf 87' lang='lat' dir='ltr'>composito,</span> <span class='ocrx_word' id='word_1_623' title='bbox 789 3759 853 3830; x_wconf 84' lang='lat' dir='ltr'>quid</span> <span class='ocrx_word' id='word_1_624' title='bbox 881 3769 967 3813; x_wconf 88' lang='lat' dir='ltr'>motus</span> <span class='ocrx_word' id='word_1_625' title='bbox 992 3759 1115 3829; x_wconf 84' lang='lat' dir='ltr'>proprius</span> <span class='ocrx_word' id='word_1_626' title='bbox 1164 3768 1265 3840; x_wconf 60' lang='lat' dir='ltr'>,liquid</span> <span class='ocrx_word' id='word_1_627' title='bbox 1284 3764 1433 3819; x_wconf 53' lang='lat' dir='ltr'>ructandum</span> <span class='ocrx_word' id='word_1_628' title='bbox 1455 3775 1593 3828; x_wconf 78' lang='lat' dir='ltr'>movetur,</span> <span class='ocrx_word' id='word_1_629' title='bbox 1612 3763 1689 3814; x_wconf 89' lang='lat' dir='ltr'>utin</span> <span class='ocrx_word' id='word_1_630' title='bbox 1713 3762 1731 3816; x_wconf 86' lang='lat' dir='ltr'>t.</span> <span class='ocrx_word' id='word_1_631' title='bbox 1761 3775 1801 3816; x_wconf 86' lang='lat' dir='ltr'>ts.</span> <span class='ocrx_word' id='word_1_632' title='bbox 1827 3773 1848 3828; x_wconf 75' lang='grc' dir='ltr'>ς.</span> <span class='ocrx_word' id='word_1_633' title='bbox 1875 3769 1981 3820; x_wconf 61' lang='lat' dir='ltr'>uude</span> 
     </span>
     <span class='ocr_line' id='line_1_44' title="bbox 293 3843 2052 3934; baseline -0.001 -28"><span class='ocrx_word' id='word_1_634' title='bbox 293 3857 427 3934; x_wconf 71' lang='lat' dir='ltr'>principis</span> <span class='ocrx_word' id='word_1_635' title='bbox 448 3852 525 3910; x_wconf 91' lang='lat' dir='ltr'>nubis</span> <span class='ocrx_word' id='word_1_636' title='bbox 544 3851 668 3912; x_wconf 88' lang='lat' dir='ltr'>denotet,</span> <span class='ocrx_word' id='word_1_637' title='bbox 693 3843 821 3900; x_wconf 86' lang='lat' dir='ltr'>definitio</span> <span class='ocrx_word' id='word_1_638' title='bbox 851 3845 964 3898; x_wconf 78' lang='lat' dir='ltr'>interius</span> <span class='ocrx_word' id='word_1_639' title='bbox 995 3846 1112 3914; x_wconf 83' lang='lat' dir='ltr'>subjectu</span> <span class='ocrx_word' id='word_1_640' title='bbox 1164 3863 1239 3922; x_wconf 65' lang='lat' dir='ltr'>niipr.</span> <span class='ocrx_word' id='word_1_641' title='bbox 1252 3862 1276 3905; x_wconf 88' lang='lat' dir='ltr'>et</span> <span class='ocrx_word' id='word_1_642' title='bbox 1288 3849 1506 3914; x_wconf 83' lang='lat' dir='ltr'>l.t.e.depetit.</span> <span class='ocrx_word' id='word_1_643' title='bbox 1528 3848 1625 3901; x_wconf 82' lang='lat' dir='ltr'>donor.</span> <span class='ocrx_word' id='word_1_644' title='bbox 1650 3847 1718 3902; x_wconf 78' lang='lat' dir='ltr'>subt.</span> <span class='ocrx_word' id='word_1_645' title='bbox 1738 3847 1896 3904; x_wconf 83' lang='lat' dir='ltr'>Simulutum</span> <span class='ocrx_word' id='word_1_646' title='bbox 1921 3853 1978 3908; x_wconf 74' lang='lat' dir='ltr'>sire</span> <span class='ocrx_word' id='word_1_647' title='bbox 2022 3869 2052 3912; x_wconf 78' lang='lat' dir='ltr'>st</span> 
     </span>
     <span class='ocr_line' id='line_1_45' title="bbox 294 3930 1984 4016; baseline -0.006 -16"><span class='ocrx_word' id='word_1_648' title='bbox 294 3941 446 4016; x_wconf 65' lang='lat' dir='ltr'>ssttlicubit.</span> <span class='ocrx_word' id='word_1_649' title='bbox 466 3937 540 3992; x_wconf 85' lang='lat' dir='ltr'>Solet</span> <span class='ocrx_word' id='word_1_650' title='bbox 557 3933 624 3988; x_wconf 81' lang='lat' dir='ltr'>elias</span> <span class='ocrx_word' id='word_1_651' title='bbox 642 3930 925 4002; x_wconf 82' lang='lat' dir='ltr'>idemquoqueroonri</span> <span class='ocrx_word' id='word_1_652' title='bbox 945 3938 1115 3999; x_wconf 84' lang='lat' dir='ltr'>spontaneus,</span> <span class='ocrx_word' id='word_1_653' title='bbox 1148 3937 1313 4010; x_wconf 19' lang='lat' dir='ltr'>*affectatum</span> <span class='ocrx_word' id='word_1_654' title='bbox 1334 3936 1411 3986; x_wconf 87' lang='lat' dir='ltr'>illum</span> <span class='ocrx_word' id='word_1_655' title='bbox 1429 3935 1537 3998; x_wconf 90' lang='lat' dir='ltr'>dicunt,</span> <span class='ocrx_word' id='word_1_656' title='bbox 1556 3933 1662 4003; x_wconf 82' lang='lat' dir='ltr'>quando</span> <span class='ocrx_word' id='word_1_657' title='bbox 1691 3934 1813 4005; x_wconf 85' lang='lat' dir='ltr'>princeps</span> <span class='ocrx_word' id='word_1_658' title='bbox 1840 3933 1871 3987; x_wconf 82' lang='lat' dir='ltr'>ed</span> <span class='ocrx_word' id='word_1_659' title='bbox 1895 3941 1984 4006; x_wconf 82' lang='lat' dir='ltr'>pertis</span> 
     </span>
    </p>

    <p class='ocr_par' dir='ltr' id='par_1_12' title="bbox 232 4012 2101 4258">
     <span class='ocr_line' id='line_1_46' title="bbox 232 4012 1985 4094; baseline -0.003 -14"><span class='ocrx_word' id='word_1_660' title='bbox 232 4035 260 4088; x_wconf 86' lang='lat' dir='ltr'>tt</span> <span class='ocrx_word' id='word_1_661' title='bbox 298 4027 393 4086; x_wconf 81' lang='lat' dir='ltr'>utini·</span> <span class='ocrx_word' id='word_1_662' title='bbox 413 4035 436 4078; x_wconf 88' lang='lat' dir='ltr'>t.</span> <span class='ocrx_word' id='word_1_663' title='bbox 454 4019 602 4076; x_wconf 72' lang='lat' dir='ltr'>celeliel</span> <span class='ocrx_word' id='word_1_664' title='bbox 622 4012 1115 4086; x_wconf 60' lang='lat' dir='ltr'>novat.c.t.infin.Diciturquu·</span> <span class='ocrx_word' id='word_1_665' title='bbox 1163 4020 1370 4094; x_wconf 75' lang='lat' dir='ltr'>postulationem</span> <span class='ocrx_word' id='word_1_666' title='bbox 1390 4017 1559 4088; x_wconf 74' lang='lat' dir='ltr'>privilegium</span> <span class='ocrx_word' id='word_1_667' title='bbox 1586 4015 1720 4086; x_wconf 84' lang='lat' dir='ltr'>imlulget,</span> <span class='ocrx_word' id='word_1_668' title='bbox 1752 4027 1780 4068; x_wconf 87' lang='lat' dir='ltr'>et</span> <span class='ocrx_word' id='word_1_669' title='bbox 1805 4019 1985 4076; x_wconf 88' lang='lat' dir='ltr'>nihilominus</span> 
     </span>
     <span class='ocr_line' id='line_1_47' title="bbox 297 4095 2101 4186; baseline -0.001 -22"><span class='ocrx_word' id='word_1_670' title='bbox 297 4129 348 4186; x_wconf 72' lang='lat' dir='ltr'>quse</span> <span class='ocrx_word' id='word_1_671' title='bbox 366 4109 568 4169; x_wconf 84' lang='lat' dir='ltr'>ultroneus,ut</span> <span class='ocrx_word' id='word_1_672' title='bbox 588 4101 616 4154; x_wconf 91' lang='lat' dir='ltr'>in</span> <span class='ocrx_word' id='word_1_673' title='bbox 635 4101 652 4154; x_wconf 87' lang='lat' dir='ltr'>l.</span> <span class='ocrx_word' id='word_1_674' title='bbox 669 4117 734 4168; x_wconf 86' lang='lat' dir='ltr'>pen.</span> <span class='ocrx_word' id='word_1_675' title='bbox 758 4114 781 4153; x_wconf 85' lang='lat' dir='ltr'>c·</span> <span class='ocrx_word' id='word_1_676' title='bbox 808 4099 841 4152; x_wconf 83' lang='lat' dir='ltr'>de</span> <span class='ocrx_word' id='word_1_677' title='bbox 865 4095 942 4168; x_wconf 82' lang='lat' dir='ltr'>ussto.</span> <span class='ocrx_word' id='word_1_678' title='bbox 967 4109 1030 4153; x_wconf 85' lang='lat' dir='ltr'>rect·</span> <span class='ocrx_word' id='word_1_679' title='bbox 1047 4119 1113 4172; x_wconf 82' lang='lat' dir='ltr'>pru·</span> <span class='ocrx_word' id='word_1_680' title='bbox 1166 4111 1240 4158; x_wconf 88' lang='lat' dir='ltr'>motu</span> <span class='ocrx_word' id='word_1_681' title='bbox 1258 4102 1365 4174; x_wconf 83' lang='lat' dir='ltr'>proprio</span> <span class='ocrx_word' id='word_1_682' title='bbox 1386 4101 1586 4154; x_wconf 85' lang='lat' dir='ltr'>ideuncessum</span> <span class='ocrx_word' id='word_1_683' title='bbox 1604 4099 1678 4154; x_wconf 88' lang='lat' dir='ltr'>dicit.</span> <span class='ocrx_word' id='word_1_684' title='bbox 1697 4101 1751 4154; x_wconf 85' lang='lat' dir='ltr'>rid.</span> <span class='ocrx_word' id='word_1_685' title='bbox 1769 4101 1896 4158; x_wconf 85' lang='lat' dir='ltr'>Eueniel.</span> <span class='ocrx_word' id='word_1_686' title='bbox 1916 4105 1987 4162; x_wconf 84' lang='lat' dir='ltr'>Baro</span> <span class='ocrx_word' id='word_1_687' title='bbox 2095 4117 2101 4127; x_wconf 91' lang='lat'>&#39;</span> 
     </span>
     <span class='ocr_line' id='line_1_48' title="bbox 294 4181 1983 4258; baseline -0.005 -8"><span class='ocrx_word' id='word_1_688' title='bbox 294 4193 367 4250; x_wconf 78' lang='lat' dir='ltr'>itinn</span> <span class='ocrx_word' id='word_1_689' title='bbox 383 4192 401 4245; x_wconf 86' lang='grc'>1.</span> <span class='ocrx_word' id='word_1_690' title='bbox 423 4201 463 4242; x_wconf 85' lang='lat' dir='ltr'>tt.</span> <span class='ocrx_word' id='word_1_691' title='bbox 482 4183 506 4258; x_wconf 98' lang='grc'><strong>5</strong></span> <span class='ocrx_word' id='word_1_692' title='bbox 527 4195 549 4238; x_wconf 86' lang='lat' dir='ltr'>t.</span> <span class='ocrx_word' id='word_1_693' title='bbox 568 4201 591 4237; x_wconf 88' lang='lat' dir='ltr'>c.</span> <span class='ocrx_word' id='word_1_694' title='bbox 610 4183 641 4238; x_wconf 82' lang='lat' dir='ltr'>de</span> <span class='ocrx_word' id='word_1_695' title='bbox 660 4191 737 4250; x_wconf 86' lang='lat' dir='ltr'>nupt.</span> <span class='ocrx_word' id='word_1_696' title='bbox 766 4181 1111 4239; x_wconf 62' lang='lat' dir='ltr'>cintreiacum.</span> <span class='ocrx_word' id='word_1_697' title='bbox 1163 4183 1383 4258; x_wconf 63' lang='lat' dir='ltr'>depricilrgdib.</span> <span class='ocrx_word' id='word_1_698' title='bbox 1400 4193 1537 4236; x_wconf 78' lang='lat' dir='ltr'>t.c.t.n.</span> <span class='ocrx_word' id='word_1_699' title='bbox 1555 4181 1845 4251; x_wconf 68' lang='lat' dir='ltr'>useqpliugniidn.</span> <span class='ocrx_word' id='word_1_700' title='bbox 1867 4185 1983 4256; x_wconf 83' lang='lat' dir='ltr'>Ziegler.</span> 
     </span>
    </p>

    <p class='ocr_par' dir='ltr' id='par_1_13' title="bbox 229 4261 2060 4350">
     <span class='ocr_line' id='line_1_49' title="bbox 229 4261 2060 4350; baseline 0.001 -26"><span class='ocrx_word' id='word_1_701' title='bbox 229 4285 260 4334; x_wconf 77' lang='lat' dir='ltr'>tp</span> <span class='ocrx_word' id='word_1_702' title='bbox 296 4275 410 4350; x_wconf 62' lang='lat' dir='ltr'>princip.</span> <span class='ocrx_word' id='word_1_703' title='bbox 435 4270 598 4328; x_wconf 69' lang='lat' dir='ltr'>Germanice</span> <span class='ocrx_word' id='word_1_704' title='bbox 628 4267 746 4338; x_wconf 84' lang='lat' dir='ltr'>exprimi</span> <span class='ocrx_word' id='word_1_705' title='bbox 776 4267 842 4321; x_wconf 89' lang='lat' dir='ltr'>solet</span> <span class='ocrx_word' id='word_1_706' title='bbox 872 4283 920 4337; x_wconf 87' lang='lat' dir='ltr'>per</span> <span class='ocrx_word' id='word_1_707' title='bbox 948 4267 1115 4324; x_wconf 56' lang='lat' dir='ltr'>vertacum</span> <span class='ocrx_word' id='word_1_708' title='bbox 1165 4272 1197 4325; x_wconf 78' lang='lat' dir='ltr'>ed</span> <span class='ocrx_word' id='word_1_709' title='bbox 1217 4266 1370 4323; x_wconf 54' lang='lat' dir='ltr'>itancellotti</span> <span class='ocrx_word' id='word_1_710' title='bbox 1383 4265 1446 4319; x_wconf 89' lang='lat' dir='ltr'>inst.</span> <span class='ocrx_word' id='word_1_711' title='bbox 1458 4264 1504 4317; x_wconf 81' lang='lat' dir='ltr'>lib.</span> <span class='ocrx_word' id='word_1_712' title='bbox 1521 4277 1540 4316; x_wconf 92' lang='lat' dir='ltr'>t.</span> <span class='ocrx_word' id='word_1_713' title='bbox 1553 4263 1593 4316; x_wconf 90' lang='lat' dir='ltr'>tit.</span> <span class='ocrx_word' id='word_1_714' title='bbox 1612 4261 1833 4336; x_wconf 78' lang='lat' dir='ltr'>tt.§.ts.lJude</span> <span class='ocrx_word' id='word_1_715' title='bbox 1846 4287 1901 4322; x_wconf 80' lang='lat' dir='ltr'>sese</span> <span class='ocrx_word' id='word_1_716' title='bbox 1917 4290 1982 4326; x_wconf 84' lang='lat' dir='ltr'>reu·</span> <span class='ocrx_word' id='word_1_717' title='bbox 2027 4298 2060 4342; x_wconf 68' lang='grc' dir='ltr'><strong>ῃ</strong></span> 
     </span>
    </p>

    <p class='ocr_par' dir='ltr' id='par_1_14' title="bbox 230 4347 2061 4684">
     <span class='ocr_line' id='line_1_50' title="bbox 230 4347 1989 4430; baseline -0.005 -10"><span class='ocrx_word' id='word_1_718' title='bbox 230 4371 257 4420; x_wconf 93' lang='lat' dir='ltr'>tt</span> <span class='ocrx_word' id='word_1_719' title='bbox 296 4361 380 4418; x_wconf 72' lang='lat' dir='ltr'>cribet</span> <span class='ocrx_word' id='word_1_720' title='bbox 397 4357 508 4430; x_wconf 71' lang='lat' dir='ltr'>rigens!</span> <span class='ocrx_word' id='word_1_721' title='bbox 524 4349 689 4422; x_wconf 70' lang='lat' dir='ltr'>Bewcpniss.</span> <span class='ocrx_word' id='word_1_722' title='bbox 709 4348 854 4420; x_wconf 73' lang='lat' dir='ltr'>Antequam</span> <span class='ocrx_word' id='word_1_723' title='bbox 873 4361 960 4404; x_wconf 84' lang='lat' dir='ltr'>nutem</span> <span class='ocrx_word' id='word_1_724' title='bbox 972 4352 1005 4403; x_wconf 85' lang='lat' dir='ltr'>sd</span> <span class='ocrx_word' id='word_1_725' title='bbox 1020 4354 1116 4406; x_wconf 79' lang='lat' dir='ltr'>realem</span> <span class='ocrx_word' id='word_1_726' title='bbox 1166 4353 1292 4409; x_wconf 74' lang='lat' dir='ltr'>tiieud‘um</span> <span class='ocrx_word' id='word_1_727' title='bbox 1310 4351 1389 4406; x_wconf 75' lang='lat' dir='ltr'>offert</span> <span class='ocrx_word' id='word_1_728' title='bbox 1408 4351 1452 4403; x_wconf 80' lang='lat' dir='ltr'>ills</span> <span class='ocrx_word' id='word_1_729' title='bbox 1472 4369 1485 4402; x_wconf 83' lang='grc' dir='ltr'>ι</span> <span class='ocrx_word' id='word_1_730' title='bbox 1504 4347 1548 4400; x_wconf 87' lang='lat' dir='ltr'>dd.</span> <span class='ocrx_word' id='word_1_731' title='bbox 1572 4348 1666 4419; x_wconf 84' lang='lat' dir='ltr'>agitata</span> <span class='ocrx_word' id='word_1_732' title='bbox 1690 4353 1827 4420; x_wconf 72' lang='lat' dir='ltr'>qunnto:</span> <span class='ocrx_word' id='word_1_733' title='bbox 1845 4373 1878 4406; x_wconf 87' lang='lat' dir='ltr'>cn</span> <span class='ocrx_word' id='word_1_734' title='bbox 1898 4368 1989 4412; x_wconf 89' lang='lat' dir='ltr'>motus</span> 
     </span>
     <span class='ocr_line' id='line_1_51' title="bbox 297 4433 1989 4510; baseline -0.006 -10"><span class='ocrx_word' id='word_1_735' title='bbox 297 4441 483 4502; x_wconf 71' lang='lat' dir='ltr'>atetutttuunu</span> <span class='ocrx_word' id='word_1_736' title='bbox 502 4434 780 4510; x_wconf 63' lang='lat' dir='ltr'>mortedismperee</span> <span class='ocrx_word' id='word_1_737' title='bbox 793 4433 909 4504; x_wconf 85' lang='lat' dir='ltr'>pretium</span> <span class='ocrx_word' id='word_1_738' title='bbox 931 4453 972 4487; x_wconf 88' lang='lat' dir='ltr'>me</span> <span class='ocrx_word' id='word_1_739' title='bbox 986 4435 1115 4490; x_wconf 82' lang='lat' dir='ltr'>lucturum</span> <span class='ocrx_word' id='word_1_740' title='bbox 1167 4437 1290 4509; x_wconf 87' lang='lat' dir='ltr'>proprius</span> <span class='ocrx_word' id='word_1_741' title='bbox 1312 4455 1372 4490; x_wconf 88' lang='lat' dir='ltr'>cum</span> <span class='ocrx_word' id='word_1_742' title='bbox 1396 4435 1592 4508; x_wconf 80' lang='lat' dir='ltr'>supplicatione</span> <span class='ocrx_word' id='word_1_743' title='bbox 1617 4453 1792 4504; x_wconf 88' lang='lat' dir='ltr'>concurrere,</span> <span class='ocrx_word' id='word_1_744' title='bbox 1812 4441 1832 4492; x_wconf 83' lang='lat' dir='ltr'>i·</span> <span class='ocrx_word' id='word_1_745' title='bbox 1850 4461 1873 4496; x_wconf 90' lang='lat' dir='ltr'>e.</span> <span class='ocrx_word' id='word_1_746' title='bbox 1893 4463 1926 4499; x_wconf 85' lang='lat' dir='ltr'>en</span> <span class='ocrx_word' id='word_1_747' title='bbox 1945 4447 1989 4501; x_wconf 86' lang='lat' dir='ltr'>ni.</span> 
     </span>
     <span class='ocr_line' id='line_1_52' title="bbox 299 4515 1987 4598; baseline -0.006 -14"><span class='ocrx_word' id='word_1_748' title='bbox 299 4543 374 4592; x_wconf 74' lang='lat' dir='ltr'>tuit,</span> <span class='ocrx_word' id='word_1_749' title='bbox 393 4525 417 4582; x_wconf 85' lang='lat' dir='ltr'>si</span> <span class='ocrx_word' id='word_1_750' title='bbox 434 4518 612 4592; x_wconf 70' lang='lat' dir='ltr'>subjecerim,</span> <span class='ocrx_word' id='word_1_751' title='bbox 631 4515 764 4588; x_wconf 81' lang='lat' dir='ltr'>qconsodo</span> <span class='ocrx_word' id='word_1_752' title='bbox 782 4516 999 4570; x_wconf 81' lang='lat' dir='ltr'>cluustdsmotns</span> <span class='ocrx_word' id='word_1_753' title='bbox 1014 4517 1119 4587; x_wconf 79' lang='lat' dir='ltr'>proprii</span> <span class='ocrx_word' id='word_1_754' title='bbox 1166 4523 1313 4578; x_wconf 85' lang='lat' dir='ltr'>bilominus</span> <span class='ocrx_word' id='word_1_755' title='bbox 1330 4523 1464 4576; x_wconf 85' lang='lat' dir='ltr'>concessio</span> <span class='ocrx_word' id='word_1_756' title='bbox 1482 4517 1606 4574; x_wconf 79' lang='lat' dir='ltr'>beneficii</span> <span class='ocrx_word' id='word_1_757' title='bbox 1626 4535 1699 4576; x_wconf 89' lang='lat' dir='ltr'>mutu</span> <span class='ocrx_word' id='word_1_758' title='bbox 1724 4527 1834 4598; x_wconf 82' lang='lat' dir='ltr'>proprio</span> <span class='ocrx_word' id='word_1_759' title='bbox 1862 4543 1987 4586; x_wconf 65' lang='lat' dir='ltr'>emam</span> 
     </span>
     <span class='ocr_line' id='line_1_53' title="bbox 297 4601 2061 4684; baseline 0 -18"><span class='ocrx_word' id='word_1_760' title='bbox 297 4613 331 4672; x_wconf 83' lang='lat' dir='ltr'>tlt</span> <span class='ocrx_word' id='word_1_761' title='bbox 348 4611 410 4669; x_wconf 80' lang='lat' dir='ltr'>eliis</span> <span class='ocrx_word' id='word_1_762' title='bbox 427 4605 555 4664; x_wconf 69' lang='lat' dir='ltr'>aliundis</span> <span class='ocrx_word' id='word_1_763' title='bbox 575 4603 602 4658; x_wconf 87' lang='lat' dir='ltr'>in</span> <span class='ocrx_word' id='word_1_764' title='bbox 624 4601 761 4674; x_wconf 87' lang='lat' dir='ltr'>rescriptis</span> <span class='ocrx_word' id='word_1_765' title='bbox 778 4602 901 4656; x_wconf 86' lang='lat' dir='ltr'>edhiberi</span> <span class='ocrx_word' id='word_1_766' title='bbox 921 4605 1010 4658; x_wconf 89' lang='lat' dir='ltr'>solitis</span> <span class='ocrx_word' id='word_1_767' title='bbox 1036 4604 1114 4658; x_wconf 82' lang='lat' dir='ltr'>dilie-</span> <span class='ocrx_word' id='word_1_768' title='bbox 1167 4608 1222 4663; x_wconf 90' lang='lat' dir='ltr'>dici</span> <span class='ocrx_word' id='word_1_769' title='bbox 1241 4609 1337 4680; x_wconf 78' lang='lat' dir='ltr'>possit,</span> <span class='ocrx_word' id='word_1_770' title='bbox 1356 4605 1464 4660; x_wconf 84' lang='lat' dir='ltr'>etiamsi</span> <span class='ocrx_word' id='word_1_771' title='bbox 1485 4606 1570 4675; x_wconf 87' lang='lat' dir='ltr'>partis</span> <span class='ocrx_word' id='word_1_772' title='bbox 1589 4609 1729 4662; x_wconf 76' lang='lat' dir='ltr'>accesserit</span> <span class='ocrx_word' id='word_1_773' title='bbox 1747 4611 1915 4680; x_wconf 78' lang='lat' dir='ltr'>postulatio?</span> <span class='ocrx_word' id='word_1_774' title='bbox 1939 4617 1990 4670; x_wconf 76' lang='lat' dir='ltr'>Vi·</span> <span class='ocrx_word' id='word_1_775' title='bbox 2030 4641 2061 4684; x_wconf 66' lang='lat'>3,</span> 
     </span>
    </p>

    <p class='ocr_par' dir='ltr' id='par_1_15' title="bbox 229 4687 2058 5190">
     <span class='ocr_line' id='line_1_54' title="bbox 229 4687 1989 4767; baseline 0.005 -26"><span class='ocrx_word' id='word_1_776' title='bbox 229 4693 260 4742; x_wconf 89' lang='lat' dir='ltr'>tt</span> <span class='ocrx_word' id='word_1_777' title='bbox 300 4705 349 4756; x_wconf 72' lang='lat' dir='ltr'>nt,</span> <span class='ocrx_word' id='word_1_778' title='bbox 370 4691 468 4750; x_wconf 85' lang='lat' dir='ltr'>tttttnt</span> <span class='ocrx_word' id='word_1_779' title='bbox 485 4687 623 4762; x_wconf 70' lang='lat' dir='ltr'>iteqtssit)</span> <span class='ocrx_word' id='word_1_780' title='bbox 640 4707 653 4742; x_wconf 86' lang='lat' dir='ltr'>s</span> <span class='ocrx_word' id='word_1_781' title='bbox 672 4687 800 4742; x_wconf 78' lang='lat' dir='ltr'>clsttsttlr:</span> <span class='ocrx_word' id='word_1_782' title='bbox 814 4687 847 4744; x_wconf 80' lang='lat' dir='ltr'>de</span> <span class='ocrx_word' id='word_1_783' title='bbox 858 4689 1114 4763; x_wconf 83' lang='lat' dir='ltr'>plenitudinepote·</span> <span class='ocrx_word' id='word_1_784' title='bbox 1168 4693 1280 4747; x_wconf 75' lang='lat' dir='ltr'>debetur</span> <span class='ocrx_word' id='word_1_785' title='bbox 1299 4694 1348 4746; x_wconf 85' lang='lat' dir='ltr'>boc</span> <span class='ocrx_word' id='word_1_786' title='bbox 1365 4688 1528 4759; x_wconf 80' lang='lat' dir='ltr'>negandum,</span> <span class='ocrx_word' id='word_1_787' title='bbox 1545 4690 1607 4759; x_wconf 82' lang='lat' dir='ltr'>quia</span> <span class='ocrx_word' id='word_1_788' title='bbox 1626 4701 1710 4744; x_wconf 89' lang='lat' dir='ltr'>motus</span> <span class='ocrx_word' id='word_1_789' title='bbox 1722 4693 1847 4764; x_wconf 87' lang='lat' dir='ltr'>proprius</span> <span class='ocrx_word' id='word_1_790' title='bbox 1859 4712 1989 4767; x_wconf 82' lang='lat' dir='ltr'>expresse</span> 
     </span>
     <span class='ocr_line' id='line_1_55' title="bbox 298 4771 1993 4849; baseline -0.002 -12"><span class='ocrx_word' id='word_1_791' title='bbox 298 4777 393 4846; x_wconf 77' lang='lat' dir='ltr'>statis,</span> <span class='ocrx_word' id='word_1_792' title='bbox 413 4787 549 4846; x_wconf 67' lang='lat' dir='ltr'>uncturus</span> <span class='ocrx_word' id='word_1_793' title='bbox 566 4771 705 4842; x_wconf 63' lang='lat' dir='ltr'>angustius</span> <span class='ocrx_word' id='word_1_794' title='bbox 722 4789 737 4824; x_wconf 81' lang='lat' dir='ltr'>e</span> <span class='ocrx_word' id='word_1_795' title='bbox 752 4773 858 4836; x_wconf 67' lang='lat' dir='ltr'>letiorie</span> <span class='ocrx_word' id='word_1_796' title='bbox 871 4775 1072 4830; x_wconf 84' lang='lat' dir='ltr'>clausulaenim</span> <span class='ocrx_word' id='word_1_797' title='bbox 1085 4775 1118 4829; x_wconf 87' lang='lat' dir='ltr'>de</span> <span class='ocrx_word' id='word_1_798' title='bbox 1169 4777 1291 4849; x_wconf 85' lang='lat' dir='ltr'>petitioni</span> <span class='ocrx_word' id='word_1_799' title='bbox 1313 4775 1399 4846; x_wconf 81' lang='lat' dir='ltr'>pertis</span> <span class='ocrx_word' id='word_1_800' title='bbox 1418 4773 1702 4842; x_wconf 71' lang='lat' dir='ltr'>contratisttnguiuu,</span> <span class='ocrx_word' id='word_1_801' title='bbox 1721 4786 1748 4829; x_wconf 88' lang='lat' dir='ltr'>et</span> <span class='ocrx_word' id='word_1_802' title='bbox 1766 4779 1932 4848; x_wconf 81' lang='lat' dir='ltr'>negationem</span> <span class='ocrx_word' id='word_1_803' title='bbox 1947 4784 1993 4837; x_wconf 84' lang='lat' dir='ltr'>in·</span> 
     </span>
     <span class='ocr_line' id='line_1_56' title="bbox 298 4855 1991 4943; baseline 0.001 -25"><span class='ocrx_word' id='word_1_804' title='bbox 298 4861 465 4943; x_wconf 75' lang='lat' dir='ltr'>plttdtudttts</span> <span class='ocrx_word' id='word_1_805' title='bbox 489 4855 628 4930; x_wconf 68' lang='lat' dir='ltr'>ttclsststis</span> <span class='ocrx_word' id='word_1_806' title='bbox 646 4857 754 4926; x_wconf 75' lang='lat' dir='ltr'>melotis</span> <span class='ocrx_word' id='word_1_807' title='bbox 772 4868 813 4914; x_wconf 84' lang='lat' dir='ltr'>est</span> <span class='ocrx_word' id='word_1_808' title='bbox 830 4855 980 4926; x_wconf 76' lang='lat' dir='ltr'>ettoniae,</span> <span class='ocrx_word' id='word_1_809' title='bbox 998 4873 1029 4915; x_wconf 88' lang='lat' dir='ltr'>ut</span> <span class='ocrx_word' id='word_1_810' title='bbox 1052 4862 1117 4915; x_wconf 86' lang='lat' dir='ltr'>adeo</span> <span class='ocrx_word' id='word_1_811' title='bbox 1170 4862 1282 4914; x_wconf 81' lang='lat' dir='ltr'>stantiae</span> <span class='ocrx_word' id='word_1_812' title='bbox 1299 4859 1413 4926; x_wconf 78' lang='lat' dir='ltr'>alicujus</span> <span class='ocrx_word' id='word_1_813' title='bbox 1432 4857 1566 4924; x_wconf 86' lang='lat' dir='ltr'>includit,</span> <span class='ocrx_word' id='word_1_814' title='bbox 1587 4860 1676 4912; x_wconf 89' lang='lat' dir='ltr'>Gloss.</span> <span class='ocrx_word' id='word_1_815' title='bbox 1693 4861 1723 4914; x_wconf 87' lang='lat' dir='ltr'>in</span> <span class='ocrx_word' id='word_1_816' title='bbox 1742 4879 1764 4914; x_wconf 84' lang='lat' dir='ltr'>c·</span> <span class='ocrx_word' id='word_1_817' title='bbox 1783 4863 1809 4914; x_wconf 84' lang='lat' dir='ltr'>si</span> <span class='ocrx_word' id='word_1_818' title='bbox 1834 4876 1909 4920; x_wconf 83' lang='lat' dir='ltr'>motu</span> <span class='ocrx_word' id='word_1_819' title='bbox 1924 4885 1991 4937; x_wconf 85' lang='lat' dir='ltr'>pro-</span> 
     </span>
     <span class='ocr_line' id='line_1_57' title="bbox 300 4939 2058 5023; baseline 0.003 -23"><span class='ocrx_word' id='word_1_820' title='bbox 300 4953 485 5016; x_wconf 73' lang='lat' dir='ltr'>nsptntentnnt</span> <span class='ocrx_word' id='word_1_821' title='bbox 504 4939 571 4996; x_wconf 75' lang='lat' dir='ltr'>bens</span> <span class='ocrx_word' id='word_1_822' title='bbox 592 4940 729 5012; x_wconf 75' lang='lat' dir='ltr'>procedetz</span> <span class='ocrx_word' id='word_1_823' title='bbox 747 4945 817 5016; x_wconf 83' lang='lat' dir='ltr'>quod</span> <span class='ocrx_word' id='word_1_824' title='bbox 833 4944 900 5000; x_wconf 89' lang='lat' dir='ltr'>illud</span> <span class='ocrx_word' id='word_1_825' title='bbox 911 4946 982 5018; x_wconf 85' lang='lat' dir='ltr'>quud</span> <span class='ocrx_word' id='word_1_826' title='bbox 993 4947 1118 5019; x_wconf 85' lang='lat' dir='ltr'>princeps</span> <span class='ocrx_word' id='word_1_827' title='bbox 1165 4946 1234 5014; x_wconf 83' lang='lat' dir='ltr'>prio.</span> <span class='ocrx_word' id='word_1_828' title='bbox 1251 4945 1284 4998; x_wconf 85' lang='lat' dir='ltr'>de</span> <span class='ocrx_word' id='word_1_829' title='bbox 1301 4942 1446 5012; x_wconf 77' lang='lat' dir='ltr'>praebend.</span> <span class='ocrx_word' id='word_1_830' title='bbox 1464 4941 1494 4994; x_wconf 87' lang='lat' dir='ltr'>in</span> <span class='ocrx_word' id='word_1_831' title='bbox 1515 4954 1539 4995; x_wconf 82' lang='lat' dir='ltr'>c.</span> <span class='ocrx_word' id='word_1_832' title='bbox 1559 4943 1617 4995; x_wconf 86' lang='lat' dir='ltr'>lmo</span> <span class='ocrx_word' id='word_1_833' title='bbox 1636 4945 1749 4999; x_wconf 85' lang='lat' dir='ltr'>clausula</span> <span class='ocrx_word' id='word_1_834' title='bbox 1771 4959 1855 5002; x_wconf 89' lang='lat' dir='ltr'>motus</span> <span class='ocrx_word' id='word_1_835' title='bbox 1881 4953 1986 5023; x_wconf 83' lang='lat' dir='ltr'>proprii</span> <span class='ocrx_word' id='word_1_836' title='bbox 2026 4974 2058 5018; x_wconf 75' lang='lat' dir='ltr'><em>u</em></span> 
     </span>
     <span class='ocr_line' id='line_1_58' title="bbox 299 5023 1989 5108; baseline 0.005 -26"><span class='ocrx_word' id='word_1_837' title='bbox 299 5048 354 5094; x_wconf 75' lang='lat' dir='ltr'>tttott</span> <span class='ocrx_word' id='word_1_838' title='bbox 374 5035 463 5105; x_wconf 68' lang='lat' dir='ltr'>petest</span> <span class='ocrx_word' id='word_1_839' title='bbox 479 5041 513 5082; x_wconf 82' lang='lat' dir='ltr'>ts</span> <span class='ocrx_word' id='word_1_840' title='bbox 531 5023 701 5098; x_wconf 61' lang='lat' dir='ltr'>prmnltndios</span> <span class='ocrx_word' id='word_1_841' title='bbox 720 5031 866 5102; x_wconf 79' lang='lat' dir='ltr'>potestatis,</span> <span class='ocrx_word' id='word_1_842' title='bbox 886 5049 940 5086; x_wconf 85' lang='lat' dir='ltr'>nec</span> <span class='ocrx_word' id='word_1_843' title='bbox 960 5032 1043 5087; x_wconf 80' lang='lat' dir='ltr'>etlam</span> <span class='ocrx_word' id='word_1_844' title='bbox 1057 5049 1118 5103; x_wconf 88' lang='lat' dir='ltr'>pos-</span> <span class='ocrx_word' id='word_1_845' title='bbox 1169 5031 1238 5082; x_wconf 82' lang='lat' dir='ltr'>nihil</span> <span class='ocrx_word' id='word_1_846' title='bbox 1256 5036 1380 5100; x_wconf 82' lang='lat' dir='ltr'>operetur</span> <span class='ocrx_word' id='word_1_847' title='bbox 1392 5026 1425 5079; x_wconf 82' lang='lat' dir='ltr'>ed</span> <span class='ocrx_word' id='word_1_848' title='bbox 1439 5029 1647 5096; x_wconf 83' lang='lat' dir='ltr'>postulationem</span> <span class='ocrx_word' id='word_1_849' title='bbox 1662 5031 1762 5099; x_wconf 86' lang='lat' dir='ltr'>partis,</span> <span class='ocrx_word' id='word_1_850' title='bbox 1775 5033 1836 5102; x_wconf 84' lang='lat' dir='ltr'>quia</span> <span class='ocrx_word' id='word_1_851' title='bbox 1848 5037 1923 5103; x_wconf 85' lang='lat' dir='ltr'>quasi</span> <span class='ocrx_word' id='word_1_852' title='bbox 1939 5054 1989 5108; x_wconf 87' lang='lat' dir='ltr'>per</span> 
     </span>
     <span class='ocr_line' id='line_1_59' title="bbox 300 5111 1993 5190; baseline 0.001 -26"><span class='ocrx_word' id='word_1_853' title='bbox 300 5117 336 5176; x_wconf 69' lang='lat' dir='ltr'>pit</span> <span class='ocrx_word' id='word_1_854' title='bbox 356 5123 428 5173; x_wconf 65' lang='lat' dir='ltr'>minu</span> <span class='ocrx_word' id='word_1_855' title='bbox 447 5111 576 5190; x_wconf 70' lang='lat' dir='ltr'>propriis,</span> <span class='ocrx_word' id='word_1_856' title='bbox 595 5129 649 5168; x_wconf 89' lang='lat' dir='ltr'>ttott</span> <span class='ocrx_word' id='word_1_857' title='bbox 670 5129 730 5170; x_wconf 80' lang='lat' dir='ltr'>sero</span> <span class='ocrx_word' id='word_1_858' title='bbox 754 5126 854 5172; x_wconf 70' lang='lat' dir='ltr'>eontra.</span> <span class='ocrx_word' id='word_1_859' title='bbox 873 5119 996 5172; x_wconf 83' lang='lat' dir='ltr'>ttenoeh.</span> <span class='ocrx_word' id='word_1_860' title='bbox 1022 5116 1117 5172; x_wconf 74' lang='lat' dir='ltr'>conrii.</span> <span class='ocrx_word' id='word_1_861' title='bbox 1170 5113 1401 5184; x_wconf 72' lang='lat' dir='ltr'>importunitatem</span> <span class='ocrx_word' id='word_1_862' title='bbox 1422 5127 1480 5164; x_wconf 82' lang='lat' dir='ltr'>eam</span> <span class='ocrx_word' id='word_1_863' title='bbox 1500 5111 1640 5166; x_wconf 83' lang='lat' dir='ltr'>ntdtdtsse</span> <span class='ocrx_word' id='word_1_864' title='bbox 1657 5124 1782 5168; x_wconf 81' lang='lat' dir='ltr'>censetur</span> <span class='ocrx_word' id='word_1_865' title='bbox 1796 5118 1931 5190; x_wconf 85' lang='lat' dir='ltr'>princeps.</span> <span class='ocrx_word' id='word_1_866' title='bbox 1946 5124 1993 5176; x_wconf 81' lang='lat' dir='ltr'>So.</span> 
     </span>
    </p>

    <p class='ocr_par' dir='ltr' id='par_1_16' title="bbox 232 5195 2060 5535">
     <span class='ocr_line' id='line_1_60' title="bbox 232 5195 1993 5274; baseline -0.002 -20"><span class='ocrx_word' id='word_1_867' title='bbox 232 5206 261 5258; x_wconf 85' lang='lat' dir='ltr'>tt</span> <span class='ocrx_word' id='word_1_868' title='bbox 304 5213 326 5263; x_wconf 76' lang='grc' dir='ltr'>ι.</span> <span class='ocrx_word' id='word_1_869' title='bbox 347 5217 375 5260; x_wconf 73' lang='grc' dir='ltr'>ιι,</span> <span class='ocrx_word' id='word_1_870' title='bbox 397 5207 456 5256; x_wconf 77' lang='lat' dir='ltr'>tit.</span> <span class='ocrx_word' id='word_1_871' title='bbox 478 5197 562 5270; x_wconf 68' lang='lat' dir='ltr'>Attus</span> <span class='ocrx_word' id='word_1_872' title='bbox 583 5195 646 5252; x_wconf 85' lang='lat' dir='ltr'>binc</span> <span class='ocrx_word' id='word_1_873' title='bbox 664 5209 717 5266; x_wconf 85' lang='lat' dir='ltr'>est,</span> <span class='ocrx_word' id='word_1_874' title='bbox 735 5201 806 5274; x_wconf 80' lang='lat' dir='ltr'>qttod</span> <span class='ocrx_word' id='word_1_875' title='bbox 824 5203 940 5258; x_wconf 81' lang='lat' dir='ltr'>clausule</span> <span class='ocrx_word' id='word_1_876' title='bbox 957 5213 1043 5258; x_wconf 89' lang='lat' dir='ltr'>motus</span> <span class='ocrx_word' id='word_1_877' title='bbox 1057 5215 1118 5273; x_wconf 86' lang='lat' dir='ltr'>pro·</span> <span class='ocrx_word' id='word_1_878' title='bbox 1169 5197 1224 5249; x_wconf 74' lang='lat' dir='ltr'>ein,</span> <span class='ocrx_word' id='word_1_879' title='bbox 1240 5198 1295 5249; x_wconf 78' lang='lat' dir='ltr'>tun</span> <span class='ocrx_word' id='word_1_880' title='bbox 1312 5196 1586 5248; x_wconf 79' lang='lat' dir='ltr'>cons.tt.n.st‚cot.</span> <span class='ocrx_word' id='word_1_881' title='bbox 1599 5207 1688 5248; x_wconf 69' lang='lat' dir='ltr'>ccum</span> <span class='ocrx_word' id='word_1_882' title='bbox 1707 5215 1758 5266; x_wconf 85' lang='lat' dir='ltr'>quo</span> <span class='ocrx_word' id='word_1_883' title='bbox 1771 5203 1852 5256; x_wconf 79' lang='lat' dir='ltr'>sentit</span> <span class='ocrx_word' id='word_1_884' title='bbox 1866 5207 1993 5260; x_wconf 69' lang='lat' dir='ltr'>menoch,</span> 
     </span>
     <span class='ocr_line' id='line_1_61' title="bbox 301 5281 1992 5370; baseline -0.003 -25"><span class='ocrx_word' id='word_1_885' title='bbox 301 5300 354 5370; x_wconf 85' lang='lat' dir='ltr'>pttt</span> <span class='ocrx_word' id='word_1_886' title='bbox 375 5293 464 5360; x_wconf 60' lang='lat' dir='ltr'>‚mata</span> <span class='ocrx_word' id='word_1_887' title='bbox 482 5283 613 5341; x_wconf 72' lang='lat' dir='ltr'>clausulae</span> <span class='ocrx_word' id='word_1_888' title='bbox 631 5283 664 5342; x_wconf 89' lang='lat' dir='ltr'>de</span> <span class='ocrx_word' id='word_1_889' title='bbox 683 5289 853 5360; x_wconf 89' lang='lat' dir='ltr'>plenitudine</span> <span class='ocrx_word' id='word_1_890' title='bbox 881 5292 1017 5364; x_wconf 83' lang='lat' dir='ltr'>poteststis</span> <span class='ocrx_word' id='word_1_891' title='bbox 1048 5289 1120 5343; x_wconf 87' lang='lat' dir='ltr'>nibil</span> <span class='ocrx_word' id='word_1_892' title='bbox 1171 5289 1629 5334; x_wconf 72' lang='lat' dir='ltr'>cons.t.n.litescunt-isca.</span> <span class='ocrx_word' id='word_1_893' title='bbox 1649 5292 1691 5333; x_wconf 82' lang='lat' dir='ltr'>st.</span> <span class='ocrx_word' id='word_1_894' title='bbox 1712 5281 1992 5345; x_wconf 57' lang='lat' dir='ltr'>pacisceretur.</span> 
     </span>
     <span class='ocr_line' id='line_1_62' title="bbox 300 5361 2060 5449; baseline 0.006 -33"><span class='ocrx_word' id='word_1_895' title='bbox 300 5371 636 5449; x_wconf 61' lang='lat' dir='ltr'>ppuamppmajuuptm</span> <span class='ocrx_word' id='word_1_896' title='bbox 655 5373 779 5428; x_wconf 54' lang='lat' dir='ltr'>,imber</span> <span class='ocrx_word' id='word_1_897' title='bbox 799 5375 826 5428; x_wconf 70' lang='lat' dir='ltr'>m</span> <span class='ocrx_word' id='word_1_898' title='bbox 857 5375 928 5446; x_wconf 67' lang='lat' dir='ltr'>quon</span> <span class='ocrx_word' id='word_1_899' title='bbox 954 5375 1044 5427; x_wconf 68' lang='lat' dir='ltr'>minu,</span> <span class='ocrx_word' id='word_1_900' title='bbox 1069 5383 1119 5426; x_wconf 62' lang='lat' dir='ltr'>ear,</span> <span class='ocrx_word' id='word_1_901' title='bbox 1174 5365 1284 5418; x_wconf 59' lang='lat' dir='ltr'>turoi.</span> <span class='ocrx_word' id='word_1_902' title='bbox 1302 5374 1325 5416; x_wconf 91' lang='lat' dir='ltr'>t.</span> <span class='ocrx_word' id='word_1_903' title='bbox 1340 5365 1441 5420; x_wconf 80' lang='lat' dir='ltr'>Verum</span> <span class='ocrx_word' id='word_1_904' title='bbox 1461 5361 1707 5435; x_wconf 82' lang='lat' dir='ltr'>respondeo,dicta</span> <span class='ocrx_word' id='word_1_905' title='bbox 1721 5373 1782 5420; x_wconf 90' lang='lat' dir='ltr'>tunc</span> <span class='ocrx_word' id='word_1_906' title='bbox 1796 5369 1951 5438; x_wconf 86' lang='lat' dir='ltr'>procedere,</span> <span class='ocrx_word' id='word_1_907' title='bbox 1970 5375 1995 5426; x_wconf 93' lang='lat' dir='ltr'>si</span> <span class='ocrx_word' id='word_1_908' title='bbox 2031 5399 2060 5442; x_wconf 69' lang='lat'>,5</span> 
     </span>
     <span class='ocr_line' id='line_1_63' title="bbox 303 5447 1996 5535; baseline -0.003 -21"><span class='ocrx_word' id='word_1_909' title='bbox 303 5479 326 5520; x_wconf 55' lang='grc' dir='ltr'>ι.</span> <span class='ocrx_word' id='word_1_910' title='bbox 345 5455 421 5535; x_wconf 73' lang='lat' dir='ltr'>qnod</span> <span class='ocrx_word' id='word_1_911' title='bbox 436 5455 465 5514; x_wconf 83' lang='lat' dir='ltr'>in</span> <span class='ocrx_word' id='word_1_912' title='bbox 483 5455 573 5516; x_wconf 79' lang='lat' dir='ltr'>tntttr</span> <span class='ocrx_word' id='word_1_913' title='bbox 604 5469 625 5514; x_wconf 89' lang='lat' dir='ltr'>t.</span> <span class='ocrx_word' id='word_1_914' title='bbox 645 5477 673 5516; x_wconf 81' lang='lat' dir='ltr'>rr.</span> <span class='ocrx_word' id='word_1_915' title='bbox 693 5461 725 5516; x_wconf 82' lang='lat' dir='ltr'>dr</span> <span class='ocrx_word' id='word_1_916' title='bbox 743 5476 863 5516; x_wconf 83' lang='lat' dir='ltr'>consecr·</span> <span class='ocrx_word' id='word_1_917' title='bbox 880 5461 973 5517; x_wconf 85' lang='lat' dir='ltr'>eccles.</span> <span class='ocrx_word' id='word_1_918' title='bbox 986 5468 1013 5512; x_wconf 91' lang='lat' dir='ltr'>et</span> <span class='ocrx_word' id='word_1_919' title='bbox 1031 5475 1053 5512; x_wconf 78' lang='lat' dir='ltr'>r,</span> <span class='ocrx_word' id='word_1_920' title='bbox 1074 5475 1119 5513; x_wconf 84' lang='lat' dir='ltr'>nn.</span> <span class='ocrx_word' id='word_1_921' title='bbox 1169 5449 1268 5520; x_wconf 85' lang='lat' dir='ltr'>petitio</span> <span class='ocrx_word' id='word_1_922' title='bbox 1288 5449 1372 5518; x_wconf 87' lang='lat' dir='ltr'>partis</span> <span class='ocrx_word' id='word_1_923' title='bbox 1390 5449 1428 5501; x_wconf 91' lang='lat' dir='ltr'>sit</span> <span class='ocrx_word' id='word_1_924' title='bbox 1446 5463 1533 5502; x_wconf 76' lang='lat' dir='ltr'>ciust</span> <span class='ocrx_word' id='word_1_925' title='bbox 1554 5447 1731 5518; x_wconf 86' lang='lat' dir='ltr'>principalis,</span> <span class='ocrx_word' id='word_1_926' title='bbox 1750 5469 1765 5502; x_wconf 81' lang='lat' dir='ltr'>a</span> <span class='ocrx_word' id='word_1_927' title='bbox 1785 5471 1836 5520; x_wconf 85' lang='lat' dir='ltr'>qua</span> <span class='ocrx_word' id='word_1_928' title='bbox 1861 5456 1996 5510; x_wconf 87' lang='lat' dir='ltr'>concessio</span> 
     </span>
    </p>

    <p class='ocr_par' dir='ltr' id='par_1_17' title="bbox 236 5531 2061 5794">
     <span class='ocr_line' id='line_1_64' title="bbox 236 5531 1995 5620; baseline 0.004 -33"><span class='ocrx_word' id='word_1_929' title='bbox 236 5557 265 5612; x_wconf 66' lang='grc' dir='ltr'>Η</span> <span class='ocrx_word' id='word_1_930' title='bbox 304 5541 357 5609; x_wconf 55' lang='lat' dir='ltr'>,pa</span> <span class='ocrx_word' id='word_1_931' title='bbox 385 5539 518 5600; x_wconf 66' lang='lat' dir='ltr'>miae,</span> <span class='ocrx_word' id='word_1_932' title='bbox 540 5541 935 5620; x_wconf 55' lang='lat' dir='ltr'>tttff0p2(2)31,umt,nogm</span> <span class='ocrx_word' id='word_1_933' title='bbox 957 5543 1119 5597; x_wconf 59' lang='lat' dir='ltr'>aelffini„</span> <span class='ocrx_word' id='word_1_934' title='bbox 1172 5532 1294 5588; x_wconf 81' lang='lat' dir='ltr'>beneficii</span> <span class='ocrx_word' id='word_1_935' title='bbox 1314 5533 1466 5604; x_wconf 85' lang='lat' dir='ltr'>dependet,</span> <span class='ocrx_word' id='word_1_936' title='bbox 1487 5534 1528 5586; x_wconf 85' lang='lat' dir='ltr'>vel</span> <span class='ocrx_word' id='word_1_937' title='bbox 1548 5531 1571 5584; x_wconf 91' lang='lat' dir='ltr'>si</span> <span class='ocrx_word' id='word_1_938' title='bbox 1602 5532 1639 5585; x_wconf 88' lang='lat' dir='ltr'>sit</span> <span class='ocrx_word' id='word_1_939' title='bbox 1656 5533 1995 5608; x_wconf 78' lang='lat' dir='ltr'>cruscadaequcta&#39;fiuelis</span> 
     </span>
     <span class='ocr_line' id='line_1_65' title="bbox 304 5610 1996 5704; baseline -0.004 -16"><span class='ocrx_word' id='word_1_940' title='bbox 304 5649 359 5688; x_wconf 77' lang='lat' dir='ltr'>urin</span> <span class='ocrx_word' id='word_1_941' title='bbox 378 5627 518 5685; x_wconf 66' lang='lat' dir='ltr'>uditantes</span> <span class='ocrx_word' id='word_1_942' title='bbox 540 5629 584 5684; x_wconf 76' lang='lat' dir='ltr'>ttta</span> <span class='ocrx_word' id='word_1_943' title='bbox 604 5633 675 5686; x_wconf 85' lang='lat' dir='ltr'>enlm</span> <span class='ocrx_word' id='word_1_944' title='bbox 697 5631 726 5688; x_wconf 89' lang='lat' dir='ltr'>iu</span> <span class='ocrx_word' id='word_1_945' title='bbox 745 5629 938 5704; x_wconf 81' lang='lat' dir='ltr'>prrsjndicium</span> <span class='ocrx_word' id='word_1_946' title='bbox 960 5627 1029 5683; x_wconf 84' lang='lat' dir='ltr'>tertii</span> <span class='ocrx_word' id='word_1_947' title='bbox 1050 5627 1120 5680; x_wconf 87' lang='lat' dir='ltr'>nibil</span> <span class='ocrx_word' id='word_1_948' title='bbox 1171 5621 1210 5673; x_wconf 79' lang='lat' dir='ltr'>vel</span> <span class='ocrx_word' id='word_1_949' title='bbox 1230 5620 1298 5673; x_wconf 72' lang='lat' dir='ltr'>titio</span> <span class='ocrx_word' id='word_1_950' title='bbox 1316 5617 1479 5672; x_wconf 65' lang='lat' dir='ltr'>concedendi</span> <span class='ocrx_word' id='word_1_951' title='bbox 1499 5610 1637 5668; x_wconf 60' lang='lat' dir='ltr'>benefitii·</span> <span class='ocrx_word' id='word_1_952' title='bbox 1665 5619 1756 5672; x_wconf 69' lang='lat' dir='ltr'>flthn·</span> <span class='ocrx_word' id='word_1_953' title='bbox 1788 5622 1826 5674; x_wconf 75' lang='lat' dir='ltr'>ad</span> <span class='ocrx_word' id='word_1_954' title='bbox 1854 5619 1944 5692; x_wconf 78' lang='lat' dir='ltr'>til-ff·</span> <span class='ocrx_word' id='word_1_955' title='bbox 1961 5628 1996 5688; x_wconf 80' lang='lat' dir='ltr'>de</span> 
     </span>
     <span class='ocr_line' id='line_1_66' title="bbox 303 5700 2061 5794; baseline 0.001 -21"><span class='ocrx_word' id='word_1_956' title='bbox 303 5725 442 5794; x_wconf 72' lang='lat' dir='ltr'>uputttttt,</span> <span class='ocrx_word' id='word_1_957' title='bbox 461 5713 514 5771; x_wconf 82' lang='lat' dir='ltr'>nid</span> <span class='ocrx_word' id='word_1_958' title='bbox 536 5713 598 5772; x_wconf 76' lang='lat' dir='ltr'>bisc</span> <span class='ocrx_word' id='word_1_959' title='bbox 615 5715 702 5774; x_wconf 86' lang='lat' dir='ltr'>sidem</span> <span class='ocrx_word' id='word_1_960' title='bbox 722 5715 803 5776; x_wconf 87' lang='lat' dir='ltr'>luerit</span> <span class='ocrx_word' id='word_1_961' title='bbox 814 5719 912 5794; x_wconf 82' lang='lat' dir='ltr'>juncte.</span> <span class='ocrx_word' id='word_1_962' title='bbox 927 5713 990 5772; x_wconf 82' lang='lat' dir='ltr'>l’etr</span> <span class='ocrx_word' id='word_1_963' title='bbox 1013 5711 1074 5768; x_wconf 79' lang='lat' dir='ltr'>lut.</span> <span class='ocrx_word' id='word_1_964' title='bbox 1086 5710 1119 5767; x_wconf 85' lang='lat' dir='ltr'>de</span> <span class='ocrx_word' id='word_1_965' title='bbox 1170 5713 1257 5761; x_wconf 85' lang='lat' dir='ltr'>const.</span> <span class='ocrx_word' id='word_1_966' title='bbox 1273 5702 1363 5777; x_wconf 84' lang='lat' dir='ltr'>princ.</span> <span class='ocrx_word' id='word_1_967' title='bbox 1384 5722 1411 5760; x_wconf 83' lang='lat' dir='ltr'>n.</span> <span class='ocrx_word' id='word_1_968' title='bbox 1433 5712 1457 5756; x_wconf 85' lang='lat' dir='ltr'>t.</span> <span class='ocrx_word' id='word_1_969' title='bbox 1477 5700 1554 5754; x_wconf 85' lang='lat' dir='ltr'>tttud</span> <span class='ocrx_word' id='word_1_970' title='bbox 1576 5717 1636 5774; x_wconf 60' lang='lat'>“8⁰</span> <span class='ocrx_word' id='word_1_971' title='bbox 1656 5701 1798 5760; x_wconf 58' lang='lat' dir='ltr'>dicendum</span> <span class='ocrx_word' id='word_1_972' title='bbox 1817 5718 1840 5762; x_wconf 71' lang='lat'>²¹</span> <span class='ocrx_word' id='word_1_973' title='bbox 1858 5703 1994 5764; x_wconf 67' lang='lat' dir='ltr'>tffirffitu·</span> <span class='ocrx_word' id='word_1_974' title='bbox 2028 5732 2061 5776; x_wconf 80' lang='lat' dir='ltr'>ss</span> 
     </span>
    </p>
   </div>
   <div class='ocr_carea' id='block_1_6' title="bbox 0 0 2179 6240">
    <p class='ocr_par' dir='ltr' id='par_1_18' title="bbox 0 0 2179 6240">
     <span class='ocr_line' id='line_1_67' title="bbox 0 0 2179 6240; baseline 0 0"><span class='ocrx_word' id='word_1_975' title='bbox 0 0 2179 6240; x_wconf 95' lang='lat' dir='ltr'> </span> 
     </span>
    </p>
   </div>
  </div>
 </body>
</html>
