4282 6274
28 283 52 342 tp

163 251 227 302 ntis

28 369 51 412 ῃ
103 345 216 418 Sufficit
228 347 256 401 in
269 347 317 404 illa
333 347 463 422 aliqualis
475 352 559 404 solor.
573 369 600 404 n.
616 364 656 406 14.

31 453 48 498 ι.
103 433 205 484 Potest
206 431 279 504 fieri
296 452 313 486 a
329 435 438 504 p'udise,
462 437 510 508 qui
530 435 647 489 mixtum
671 437 812 504 imperium
836 440 925 495 hahet.
975 441 1029 492 Sed
1044 439 1123 506 qnid,
1142 442 1166 492 si
1183 442 1291 496 ciuile?
1309 465 1336 498 n.
1358 462 1398 501 tto.
1418 466 1472 516 seq.

27 537 47 586 41

26 629 45 672 14

25 711 43 756 tu

25 805 40 838 44

25 833 38 927 t

141 533 169 566 n.
193 527 232 566 tt.

103 601 156 652 An
171 600 206 652 441
220 598 439 668 incompetente?
450 618 517 654 rem.
529 619 556 652 n.
574 612 615 655 ts.

103 681 156 732 Ad
165 685 318 751 generalem
331 683 448 752 pertinet
462 685 506 737 die
518 683 730 756 liunssuoltung.
743 700 770 736 n.
787 694 828 740 14.

106 766 252 832 Quomodo
267 764 442 835 alimfiscta?
454 785 520 823 rem.
533 789 561 823 44.
577 779 617 820 14.

103 849 152 900 An
165 849 263 904 licito?
274 846 325 919 aff·
339 867 366 901 rt.
384 861 425 904 14.

104 934 210 1001 object.
225 951 251 986 n.
270 947 311 986 44.
329 946 368 988 tt.

101 1016 328 1069 Fundamentum
341 1015 572 1080 perscrutationis.
586 1033 614 1068 n.
630 1024 671 1067 14.

101 1101 193 1153 Debet
205 1111 301 1154 cautus
312 1101 340 1152 in
356 1119 389 1154 ea
403 1115 462 1152 esse
468 1099 567 1169 p'udeae.
580 1117 607 1150 n.
624 1110 665 1152 44.

100 1181 237 1238 Distincte
246 1183 455 1250 procedendum.
469 1203 496 1236 n.
515 1195 555 1236 44.
570 1200 643 1252 seqq.

99 1269 201 1321 Potest
209 1283 328 1335 persona
342 1267 371 1319 in
383 1267 498 1320 alteriue
510 1265 625 1321 aedibus
638 1265 746 1337 quaeri·
758 1283 788 1320 n.
803 1276 845 1320 44.
862 1275 905 1321 44.

94 1349 193 1402 Etiam
206 1367 287 1404 uxor.
301 1369 328 1402 n.
344 1360 398 1404 44..

99 1433 152 1486 An
170 1431 415 1501 opudstudiotos?
427 1451 454 1484 n.
470 1445 512 1486 44.

98 1524 147 1574 An
160 1517 221 1587 quis
232 1517 328 1571 delens
339 1517 435 1570 omnia
448 1517 595 1572 oanelaaio
609 1521 753 1574 reserere?
763 1537 791 1571 o.
805 1528 848 1572 tt.

98 1602 136 1653 Ν.
149 1618 203 1671 reg.
216 1618 243 1652 n.
261 1613 302 1655 44.

102 1686 178 1755 Quid
187 1687 212 1738 si
221 1688 255 1740 de
256 1683 340 1754 sueta
348 1685 438 1756 iudea·
449 1685 591 1753 aperiret?
603 1704 631 1738 n.
646 1697 691 1740 st.

17 1745 20 1846 ἶ
101 1769 266 1822 Consultum
279 1807 285 1829 ,
297 1781 326 1823 ut
337 1772 413 1834 prius
425 1771 715 1825 mooeuturdaminus.
730 1790 759 1826 n.
774 1785 815 1827 41.
832 1783 863 1826 44

16 1853 19 1934 J
98 1854 165 1908 Nan
179 1851 328 1924 deletfieri
339 1865 420 1908 entra
432 1853 584 1920 territoria,
603 1855 708 1910 oderin
720 1857 809 1910 einem
829 1859 915 1930 Fres-

135 1939 240 1992 Hause.
252 1955 278 1989 o.
295 1949 336 1990 44.

15 2011 16 2028 ’
45 2031 49 2036 ’
98 2019 171 2073 diem
184 2019 349 2092 investigari
357 2036 439 2090 passe
460 2021 506 2077 dd.
528 2023 711 2078 communiter
733 2034 841 2090 negant.
865 2023 915 2076 Di·

134 2105 233 2172 stinpu.
246 2121 275 2156 n.
290 2117 331 2156 44.
344 2116 387 2156 44.

97 2187 132 2241 di
139 2190 239 2242 adsunt
254 2186 369 2253 indicia,
383 2187 412 2241 in
427 2185 540 2243 aedibus
555 2186 675 2258 propriis
688 2187 762 2256 fieri,
772 2199 869 2260 polest.
886 2209 914 2242 n.

139 2283 238 2324 11.11.

100 2353 203 2424 Qualia
215 2351 316 2407 indicia
331 2349 476 2423 strsstoiatl
489 2373 516 2408 rt.
531 2363 573 2406 44.

96 2440 160 2492 Non
175 2436 269 2501 dehet,
278 2435 306 2488 si
318 2435 396 2489 nulla
408 2437 507 2490 adsint.
518 2454 547 2490 rs.
563 2447 605 2493 to.

95 2525 131 2574 Io
146 2520 227 2576 dnbio
241 2519 420 2574 admittenda·
436 2539 462 2572 n·
479 2531 522 2572 41.

95 2609 130 2660 ln
141 2605 255 2660 alterius
266 2604 378 2656 oedibus
390 2621 448 2658 non
458 2615 547 2673 potest
548 2603 621 2676 fieri
628 2641 635 2672 ,
655 2604 713 2660 nisi
733 2623 850 2675 persana
867 2622 913 2662 su·

132 2701 229 2759 specta.
244 2709 271 2744 n.
287 2698 332 2742 tt.
396 2759 400 2766 Ι

99 2774 137 2826 ra
149 2785 215 2828 tune
225 2773 284 2827 sine
296 2773 456 2827 monitione.
467 2793 494 2827 n.
509 2784 549 2827 44.

95 2861 128 2915 si
136 2861 222 2930 p'ndee
236 2878 291 2914 non
306 2859 367 2912 uelit
380 2861 538 2924 admittere,
551 2879 590 2914 an
612 2857 726 2930 propria
750 2855 914 2914 auctoritate

125 2941 200 3014 fieri
207 2943 314 3010 possit?
325 2961 352 2996 n.
365 2954 406 2996 44.
419 2958 459 3012 49.

97 3030 145 3084 An
157 3029 242 3095 possit
263 3027 431 3099 perquirenti
440 3027 542 3097 opponi
557 3025 678 3096 exceptio
692 3021 829 3080 dominii?
846 3037 912 3075 rem.

136 3129 163 3162 11.
179 3123 220 3164 11.

98 3193 146 3244 An
159 3207 202 3244 res
215 3193 342 3246 inventae
352 3193 408 3246 sint
420 3190 550 3248 indieium
564 3191 604 3243 ad
612 3196 809 3248 tartusnmin.
826 3199 867 3242 44.

97 3277 146 3328 Ad
167 3276 311 3344 specialem
324 3275 526 3347 inquisitionem
539 3275 824 3346 requirunturindiaia.
837 3291 911 3330 num.

134 3371 176 3412 44.
187 3374 242 3428 seq.

102 3443 176 3509 Quid
185 3443 210 3494 si
214 3441 300 3512 judici
315 3460 445 3500 consessa
459 3443 588 3516 [44441444
610 3443 698 3500 libera
718 3444 890 3514 procedendi
895 3445 911 3500 i

134 3545 162 3577 rt.
176 3535 217 3576 11.

95 3609 197 3663 Puella
208 3621 335 3680 suspecta
347 3609 380 3662 de
389 3606 563 3677 irfintiaidia
575 3617 665 3678 potest
676 3607 712 3663 ab
724 3605 911 3662 obstetricibus

129 3695 233 3762 inspici.
246 3713 273 3747 n·
289 3705 331 3746 44.

97 3777 272 3847 Ouadp'udeoe
284 3788 363 3830 caute
371 3774 525 3844 permittere
536 3775 622 3828 delet.
640 3795 668 3828 n.
683 3785 726 3830 44.

94 3861 193 3928 Alias,
203 3860 230 3913 si
240 3861 273 3914 de
272 3858 357 3929 sueto
370 3859 436 3931 quid
446 3871 555 3926 ageret,
566 3871 678 3928 possent
690 3861 772 3913 dama
798 3857 907 3926 expelli.

128 3963 157 3996 14.
170 3957 214 3997 15.

91 4033 130 4082 It.
142 4027 169 4080 si
179 4029 235 4095 ipse
245 4022 376 4094 inspicere
387 4026 473 4078 uellet.
486 4025 522 4078 li.

91 4115 142 4166 An
155 4109 243 4178 possit
255 4107 335 4178 tangi
344 4106 454 4175 puella?
468 4108 518 4179 off.
531 4127 559 4162 rs.
574 4121 617 4164 44.

96 4195 198 4262 objeci·
212 4191 334 4246 diluitur·
345 4209 371 4242 11.
386 4203 432 4242 44.

91 4278 211 4332 flustra
220 4274 257 4345 fit
272 4273 430 4346 inquisitio,
453 4271 479 4326 si
502 4290 560 4327 nan
583 4289 716 4342 praesent
740 4273 911 4345 delinquens.

132 4379 159 4412 44.
174 4371 216 4412 141.

95 4445 216 4513 Quando
229 4441 291 4504 caui
300 4439 405 4506 possit?
417 4459 444 4494 n.
459 4453 502 4494 44.

91 4527 160 4581 diue
172 4526 280 4580 indiciis
292 4535 374 4592 capta
388 4541 419 4576 ea
427 4561 436 4588 ,
448 4538 592 4592 protessus
604 4523 702 4578 44411444.
716 4543 744 4577 n.
761 4533 803 4578 44.

98 4615 177 4679 (luae
189 4613 363 4678 requirantur
371 4605 494 4660 indiaiel
506 4626 534 4660 n.
548 4619 591 4664 44.

93 4695 240 4765 Fugtstous
252 4693 313 4760 44ρί
320 4702 415 4757 potest.
427 4711 455 4745 n.
475 4700 517 4775 41.

92 4779 190 4831 naeu
202 4777 279 4830 delet
290 4791 389 4829 cauere
396 4813 406 4840 ,
418 4791 452 4828 ns
463 4771 581 4843 desueta
595 4790 672 4842 quens
684 4773 787 4841 sopiat.
801 4791 830 4826 n·
844 4784 890 4827 44.

93 4863 217 4918 Cuutela·
236 4877 261 4912 m.
280 4872 323 4916 44.
366 4923 372 4928 ,

92 4949 199 5002 Pectat
215 4943 288 4996 enirn
307 4953 382 4995 tune.
399 4961 428 4994 n.
447 4954 491 4996 44.

95 5026 232 5083 Poenae?
250 5042 314 5079 rem.
333 5045 362 5077 rr.
382 5035 424 5077 44.

97 5116 194 5167 Potest
212 5109 302 5164 resisti
318 5107 368 5161 illi·
388 5125 414 5159 n.
435 5118 478 5160 44.

99 5193 195 5249 Etiam
213 5214 232 5248 a
252 5193 341 5245 tertia.
358 5191 393 5244 il.

95 5281 185 5334 Debet
198 5277 308 5348 quilibet
328 5275 446 5331 alteriue
466 5273 564 5344 inp'uste
582 5287 734 5342 apprensum
759 5270 909 5341 defendere.

117 5381 144 5414 n.
164 5371 208 5410 44.
224 5377 294 5427 4ε99.
498 5352 505 5362 '

95 5445 130 5498 Si
147 5461 202 5496 non
212 5441 306 5512 facit,
321 5439 440 5509 punitur·
460 5459 489 5493 rs·
511 5450 552 5492 44.

96 5531 190 5582 Cessat
206 5545 297 5596 poena
316 5524 492 5580 esirnentium
510 5523 663 5592 capiendos·
682 5543 709 5577 n.
729 5534 770 5575 14.

97 5613 178 5684 rago
197 5611 262 5668 tulis
279 5629 316 5666 an
336 5609 464 5666 indicium
484 5610 521 5663 ud
537 5619 680 5664 torturam.
700 5627 727 5662 n.
748 5619 788 5660 44.

636 255 686 312 DE
702 255 819 314 ttcro
836 258 979 314 mntcts
999 259 1047 313 DE
1063 257 1180 315 ricto
1197 277 1257 318 444.

1669 275 1738 328 4464

972 358 1005 408 di
1020 374 1056 410 se.
1076 359 1184 412 notorie
1202 360 1313 428 iniusto.
1334 385 1361 420 n.
1382 377 1422 422 44,

974 524 1090 587 Captum
1110 523 1195 591 insert
1213 527 1344 580 domnum
1363 531 1547 594 irreparabile·
1567 552 1594 587 n.
1614 545 1656 588 41.

974 610 1021 658 An
1040 626 1076 660 ee
1096 608 1174 661 domo
1193 624 1243 662 suo
1263 612 1351 676 possit
1368 617 1427 684 quis
1446 619 1559 671 eutralsi
1568 617 1581 670 l
1599 639 1627 672 rs·
1648 630 1690 674 44.
1713 634 1787 691 4499.

973 691 1049 754 ilesp.
1070 693 1107 742 od
1123 693 1140 742 l.
1164 702 1203 741 44.
1226 691 1259 744 414
1278 693 1305 745 iu
1319 696 1366 764 p'us
1385 715 1443 750 aaa.
1462 718 1490 752 n.
1512 711 1553 753 44.

975 775 1020 823 An
1039 791 1074 826 44
1092 772 1223 828 eeclesia?
1242 794 1269 827 n.
1288 789 1331 832 14.

974 859 1021 908 An
1040 859 1148 910 salumn
1167 861 1330 915 conductum
1348 864 1474 918 notens?
1492 884 1522 918 n·
1540 875 1583 918 44.
1600 882 1673 937 seqq.

973 940 1091 993 Notatur
1104 944 1295 1012 luyrnannus.
1316 963 1342 998 rs.
1363 959 1406 1000 44.

974 1025 1135 1090 (ludiosis,
1148 1027 1174 1078 si
1183 1027 1257 1081 dicut
1266 1029 1369 1096 judee:
1391 1029 1431 1084 sie
1455 1031 1543 1085 tollen
1569 1030 1693 1102 lelandiq
1718 1032 1787 1085 ader

1005 1110 1053 1160 tod
1067 1109 1204 1180 brinqen?
1218 1129 1235 1162 rt
1246 1147 1252 1162 .
1263 1124 1305 1163 44.

972 1191 1018 1240 An
1029 1191 1134 1258 possint
1149 1193 1266 1245 ministri
1276 1194 1336 1248 sine
1351 1195 1482 1248 mandato
1495 1197 1613 1264 rapere?
1624 1217 1651 1252 o.
1667 1209 1709 1252 44.
1726 1213 1783 1256 444.

970 1275 1018 1323 An
1032 1274 1151 1342 insignia
1164 1278 1284 1330 debeant
1294 1279 1425 1345 portare?
1438 1299 1465 1334 n.
1483 1294 1542 1337 444.

969 1353 1144 1424 Byrialtoorii
1156 1361 1227 1414 nnde
1241 1363 1325 1414 dicti?
1336 1379 1363 1414 41.
1381 1374 1438 1415 144.

971 1438 1016 1488 An
1030 1452 1186 1494 carceratus
1199 1444 1296 1512 injuste
1306 1445 1392 1510 possit
1404 1444 1560 1518 aufugere?
1571 1468 1598 1503 n.
1615 1461 1671 1504 144.

972 1521 1032 1572 Nan
1045 1523 1153 1578 dubium
1161 1565 1170 1590 ,
1180 1529 1207 1582 si
1216 1531 1324 1584 occasio
1338 1532 1421 1587 detur.
1435 1549 1462 1585 rs.
1480 1546 1538 1588 144.

971 1607 1085 1670 Pereat,
1099 1609 1124 1660 si
1134 1609 1280 1680 nonsuait.
1296 1633 1324 1666 n.
1341 1625 1403 1668 144.

970 1689 1028 1757 in'.
1041 1705 1203 1747 renouetur.
1216 1715 1242 1748 n.
1276 1712 1327 1756 44.

967 1773 1031 1824 Not.
1044 1775 1159 1828 Cauarr.
1174 1795 1192 1829 n
1219 1791 1283 1832 141.

968 1856 1054 1910 Aliud
1061 1857 1089 1908 itt
1096 1857 1170 1925 p'utle
1178 1873 1327 1914 camerula.
1341 1881 1368 1916 44.
1386 1875 1443 1916 144.
1456 1881 1512 1936 seq.

966 1941 1013 1990 An
1025 1941 1110 2003 possit
1121 1939 1233 2014 effringi
1244 1943 1356 1998 career?
1368 1963 1393 1998 n.
1410 1957 1436 1997 tt
1449 1962 1474 1999 4.

968 2020 1076 2089 Explie.
1087 2025 1105 2076 l.
1123 2027 1187 2094 'affl
1200 2032 1227 2085 d.
1239 2028 1300 2096 effr.
1314 2048 1341 2080 n.
1358 2039 1415 2082 141.
1427 2043 1498 2100 4499.

965 2105 1060 2161 Poena
1072 2108 1258 2177 effractorum·
1272 2129 1299 2164 rt·
1316 2123 1374 2166 114.

968 2192 1022 2246 Illi
1029 2195 1154 2248 cessent?
1167 2213 1192 2248 n.
1210 2207 1267 2247 144.

964 2280 997 2331 Ν.
1011 2279 1135 2348 quaestio
1149 2279 1181 2332 de
1191 2279 1263 2347 iuste
1275 2289 1427 2334 sarmata.
1441 2297 1468 2333 n.
1485 2290 1543 2338 114.

964 2361 1018 2414 sed
1028 2362 1093 2430 quid
1102 2363 1127 2414 ti
1137 2361 1248 2433 irtp'utle·
1264 2384 1289 2417 rt.
1309 2377 1316 2416 t
1328 2377 1364 2418 tt.

964 2445 1045 2496 llutia
1058 2445 1138 2499 desiit.
1151 2463 1182 2496 444
1196 2447 1214 2498 l.
1229 2465 1287 2516 pen.
1300 2446 1373 2499 1444
1386 2455 1452 2499 aust.
1465 2463 1532 2500 reor.
1548 2466 1576 2500 u.
1594 2459 1653 2502 114.

963 2527 1034 2581 Dist.
1057 2529 1129 2582 inter
1140 2526 1297 2597 ¹liuntalem
1321 2540 1347 2583 44
1369 2529 1540 2584 materialem
1567 2531 1730 2600 injustitiam
1752 2553 1780 2586 n.

1002 2621 1058 2662 119.

967 2691 1040 2759 Quill
1049 2691 1110 2756 illa,
1124 2693 1225 2761 etquid
1234 2693 1329 2763 iuris?
1341 2713 1370 2747 n.
1390 2705 1448 2750 114.

964 2773 1051 2825 Debes
1059 2784 1085 2826 es
1094 2785 1196 2841 potest.
1208 2778 1235 2830 ει·
1246 2779 1356 2834 notoria
1367 2778 1512 2848 injustitia.
1525 2794 1551 2831 n.
1568 2790 1626 2832 444.

966 2856 1072 2922 Quiriti
1081 2857 1187 2911 dubia?
1199 2877 1225 2911 n.
1242 2871 1302 2911 441.

964 2939 1118 2994 Haterialit
1130 2941 1264 3010 injustitia
1276 2943 1362 3012 quid?
1375 2963 1402 2999 n.
1418 2957 1476 3000 144.

964 3025 1026 3076 Non
1037 3037 1126 3092 potest
1138 3027 1166 3078 iu
1179 3027 1227 3080 illo
1240 3025 1358 3096 effringi.
1372 3047 1399 3080 o.
1417 3041 1476 3084 144.

963 3104 1054 3158 Conet.
1064 3108 1089 3158 d.
1101 3107 1118 3158 l.
1128 3126 1191 3172 pen.
1204 3127 1233 3160 n.
1249 3120 1308 3161 144.

965 3194 1011 3241 An
1023 3192 1108 3256 parsit
1119 3192 1238 3244 occidere
1248 3194 1394 3248 custodem.
1406 3211 1433 3246 rs.
1452 3205 1510 3249 144.

964 3273 1132 3328 Dissentiunt
1142 3277 1188 3329 dd·
1202 3276 1238 3328 tt.

962 3357 1215 3426 praesupponenda
1226 3361 1369 3428 quaedam.
1382 3378 1408 3413 n.
1425 3371 1481 3414 114.

963 3437 1078 3506 Distinq.
1092 3459 1119 3491 n.
1139 3449 1204 3491 144.

960 3516 1120 3585 Infirmali
1128 3521 1260 3591 injustitia
1273 3521 1325 3591 aff.
1338 3541 1365 3578 44.
1383 3537 1442 3578 114.

959 3603 1020 3654 Nan
1033 3605 1122 3658 obstat
1135 3605 1292 3660 innocentia
1306 3607 1433 3661 custodit·
1446 3625 1474 3660 44.
1492 3619 1551 3662 141.

958 3682 1030 3737 Cur?
1042 3701 1068 3736 n.
1082 3697 1139 3738 141.
1151 3701 1226 3757 seqq.

958 3769 1051 3821 Judeoe
1063 3783 1102 3823 est
1112 3773 1269 3828 homicidio.
1286 3792 1314 3828 n.
1332 3786 1389 3826 114.

958 3851 1020 3904 Non
1035 3871 1095 3906 uero
1108 3857 1134 3908 si
1144 3857 1323 3912 materialiter
1333 3859 1438 3928 iniusta
1451 3870 1575 3929 captura.
1588 3877 1615 3912 a.
1630 3871 1687 3912 444.

963 3935 1023 4002 Obp'.
1034 3939 1128 3992 resola.
1142 3959 1171 3993 n.
1187 3952 1243 3994 444.

957 4019 1027 4072 Eae.
1041 4039 1068 4072 n.
1086 4031 1143 4075 144.

961 4103 1033 4168 Quid
1041 4106 1066 4156 si
1074 4105 1134 4175 quis
1146 4107 1323 4162 materialiter
1334 4108 1565 4176 nocentissimus,
1578 4109 1610 4164 de
1618 4108 1705 4179 sueta
1726 4119 1768 4162 ta·

994 4204 1053 4239 men
1064 4199 1164 4256 captus.
1178 4207 1205 4240 n.
1221 4199 1250 4241 14
1260 4208 1280 4240 ι.

959 4276 1006 4327 Ao
1017 4272 1114 4342 injuste
1126 4285 1281 4328 carceratus
1292 4273 1342 4328 sul
1352 4275 1508 4342 [mauseolo
1522 4275 1669 4331 retasasus
1680 4285 1773 4330 tenea·

994 4371 1038 4412 tur
1048 4357 1156 4412 redire?
1168 4377 1196 4411 n.
1216 4369 1274 4410 144.

959 4443 1024 4513 Nep.
1035 4458 1061 4492 n.
1078 4449 1133 4492 144.
1145 4457 1216 4511 seqq.

959 4527 1042 4593 Copto
1055 4542 1116 4589 reo,
1130 4540 1247 4577 eoeaenen
1259 4519 1292 4584 fit
1303 4521 1341 4574 ad
1352 4525 1490 4578 aniculas.
1504 4545 1529 4578 n.
1547 4539 1604 4590 144.

962 4602 1365 4672 Anpossinlilliaitaflsrurari:
1387 4609 1517 4664 irardus
1541 4611 1627 4666 Titius
1646 4613 1690 4666 die
1713 4613 1773 4666 Bne

992 4691 1152 4761 pelroalsen.
1166 4707 1194 4742 n.
1214 4697 1272 4740 144.
1285 4703 1356 4758 seqq.

962 4785 1008 4826 An
1021 4785 1085 4825 unte
1096 4770 1296 4836 responsionem
1308 4773 1427 4826 debeant
1433 4773 1567 4844 inquisitis
1575 4779 1775 4834 communicari

993 4853 1152 4910 iudiciuin.
1168 4867 1224 4908 141.
1237 4871 1309 4926 4499.

962 4941 1026 5010 Nep.
1040 4958 1068 4992 n.
1082 4951 1138 4992 144.
1152 4955 1224 5008 seqq.

961 5026 1007 5075 An
1021 5038 1123 5090 semper
1133 5022 1193 5092 quis
1202 5033 1326 5075 teneatur
1337 5022 1517 5087 respondere?
1530 5039 1556 5076 n.
1572 5035 1629 5077 144.

961 5109 1006 5159 An
1019 5106 1046 5158 si
1054 5105 1169 5176 legitime
1180 5106 1369 5172 interrogatus.
1382 5124 1409 5157 n.
1424 5117 1481 5158 444.

961 5193 1023 5243 Not.
1034 5191 1143 5243 Lessius
1153 5198 1179 5242 44
1190 5191 1305 5244 Nasam.
1318 5207 1344 5242 n.
1360 5199 1419 5242 444.

962 5279 1022 5328 Nau
1033 5275 1109 5327 debet
1122 5275 1163 5328 uti
1173 5290 1272 5327 resera.
1286 5276 1396 5328 mental.
1410 5291 1436 5325 rs.
1452 5287 1508 5328 444.

962 5361 1033 5428 Quid
1045 5360 1070 5412 ti
1081 5377 1136 5413 non
1145 5359 1262 5428 juridice
1275 5357 1478 5430 tnunoquut
1488 5377 1522 5412 n·
1539 5370 1595 5412 444.

965 5443 1105 5503 Exempla·
1121 5461 1148 5492 n.
1165 5456 1222 5497 144.

963 5525 1034 5592 Quid
1044 5523 1070 5576 si
1079 5524 1197 5590 desueto
1210 5535 1294 5592 rogat.
1310 5543 1336 5576 n.
1353 5536 1411 5578 141.

964 5611 1033 5682 Quid
1045 5612 1072 5664 ia
1087 5611 1188 5664 lertio?
1201 5629 1229 5663 u.
1247 5623 1303 5663 444.
