<?xml version="1.0" encoding="UTF-8"?>
<!DOCTYPE html PUBLIC "-//W3C//DTD XHTML 1.0 Transitional//EN"
    "http://www.w3.org/TR/xhtml1/DTD/xhtml1-transitional.dtd">
<html xmlns="http://www.w3.org/1999/xhtml" xml:lang="en" lang="en">
 <head>
  <title>
</title>
<meta http-equiv="Content-Type" content="text/html;charset=utf-8" />
  <meta name='ocr-system' content='tesseract 3.04.00' />
  <meta name='ocr-capabilities' content='ocr_page ocr_carea ocr_par ocr_line ocrx_word'/>
</head>
<body>
  <div class='ocr_page' id='page_1' title='image "./samuelisstrykii06schogoog_0207.png"; bbox 0 0 4338 6240; ppageno 0'>
   <div class='ocr_carea' id='block_1_1' title="bbox 258 317 1839 402">
    <p class='ocr_par' dir='ltr' id='par_1_1' title="bbox 258 317 1839 402">
     <span class='ocr_line' id='line_1_1' title="bbox 258 317 1839 402; baseline 0.013 -32"><span class='ocrx_word' id='word_1_1' title='bbox 258 317 311 388; x_wconf 59' lang='grc' dir='ltr'>ιο.</span> <span class='ocrx_word' id='word_1_2' title='bbox 691 319 740 374; x_wconf 80' lang='lat' dir='ltr'>nc</span> <span class='ocrx_word' id='word_1_3' title='bbox 759 319 934 379; x_wconf 77' lang='lat' dir='ltr'>cussonis</span> <span class='ocrx_word' id='word_1_4' title='bbox 957 323 1004 378; x_wconf 87' lang='lat' dir='ltr'>ro</span> <span class='ocrx_word' id='word_1_5' title='bbox 1025 321 1179 384; x_wconf 80' lang='lat' dir='ltr'>sttcttrrr</span> <span class='ocrx_word' id='word_1_6' title='bbox 1196 317 1310 384; x_wconf 76' lang='lat' dir='ltr'>ricius</span> <span class='ocrx_word' id='word_1_7' title='bbox 1328 344 1388 388; x_wconf 78' lang='lat' dir='ltr'>sse.</span> <span class='ocrx_word' id='word_1_8' title='bbox 1786 323 1839 402; x_wconf 70' lang='grc'>4..</span> 
     </span>
    </p>
   </div>
   <div class='ocr_carea' id='block_1_2' title="bbox 193 409 1894 590">
    <p class='ocr_par' dir='ltr' id='par_1_2' title="bbox 193 409 1894 590">
     <span class='ocr_line' id='line_1_2' title="bbox 193 409 1894 494; baseline 0.021 -37"><span class='ocrx_word' id='word_1_9' title='bbox 193 409 321 483; x_wconf 61' lang='lat' dir='ltr'>iniquam</span> <span class='ocrx_word' id='word_1_10' title='bbox 340 413 686 486; x_wconf 70' lang='lat' dir='ltr'>deprehenderit,&#39;etianrsi</span> <span class='ocrx_word' id='word_1_11' title='bbox 706 417 805 469; x_wconf 76' lang='lat' dir='ltr'>nou&#39;rrb</span> <span class='ocrx_word' id='word_1_12' title='bbox 819 416 908 482; x_wconf 90' lang='lat' dir='ltr'>initio,</span> <span class='ocrx_word' id='word_1_13' title='bbox 925 419 970 472; x_wconf 90' lang='lat' dir='ltr'>red</span> <span class='ocrx_word' id='word_1_14' title='bbox 989 437 1022 474; x_wconf 89' lang='lat' dir='ltr'>ex</span> <span class='ocrx_word' id='word_1_15' title='bbox 1075 421 1188 475; x_wconf 86' lang='lat' dir='ltr'>cundum</span> <span class='ocrx_word' id='word_1_16' title='bbox 1210 423 1282 476; x_wconf 79' lang='lat' dir='ltr'>Buld.</span> <span class='ocrx_word' id='word_1_17' title='bbox 1303 426 1332 478; x_wconf 87' lang='lat' dir='ltr'>iu</span> <span class='ocrx_word' id='word_1_18' title='bbox 1351 444 1374 478; x_wconf 87' lang='lat' dir='ltr'>r.</span> <span class='ocrx_word' id='word_1_19' title='bbox 1397 415 1481 494; x_wconf 65' lang='grc' dir='ltr'>ἐυμεν</span> <span class='ocrx_word' id='word_1_20' title='bbox 1496 446 1538 483; x_wconf 92' lang='lat' dir='ltr'>eo.</span> <span class='ocrx_word' id='word_1_21' title='bbox 1556 447 1585 482; x_wconf 75' lang='lat' dir='ltr'>e.</span> <span class='ocrx_word' id='word_1_22' title='bbox 1609 434 1644 488; x_wconf 83' lang='lat' dir='ltr'>de</span> <span class='ocrx_word' id='word_1_23' title='bbox 1668 431 1786 489; x_wconf 82' lang='lat' dir='ltr'>cclatts.</span> <span class='ocrx_word' id='word_1_24' title='bbox 1805 435 1894 492; x_wconf 74' lang='lat' dir='ltr'>cleric.</span> 
     </span>
     <span class='ocr_line' id='line_1_3' title="bbox 199 497 1894 590; baseline 0.023 -52"><span class='ocrx_word' id='word_1_25' title='bbox 199 497 371 569; x_wconf 65' lang='lat' dir='ltr'>subssqnsnst</span> <span class='ocrx_word' id='word_1_26' title='bbox 391 503 482 554; x_wconf 67' lang='lat' dir='ltr'>saltem</span> <span class='ocrx_word' id='word_1_27' title='bbox 500 501 661 563; x_wconf 77' lang='lat' dir='ltr'>conamine,</span> <span class='ocrx_word' id='word_1_28' title='bbox 681 501 746 552; x_wconf 78' lang='lat' dir='ltr'>celle</span> <span class='ocrx_word' id='word_1_29' title='bbox 767 517 828 553; x_wconf 90' lang='lat' dir='ltr'>mox</span> <span class='ocrx_word' id='word_1_30' title='bbox 848 502 984 568; x_wconf 84' lang='lat' dir='ltr'>recedere,</span> <span class='ocrx_word' id='word_1_31' title='bbox 1003 505 1020 558; x_wconf 91' lang='lat'>1.</span> <span class='ocrx_word' id='word_1_32' title='bbox 1076 505 1127 570; x_wconf 80' lang='lat' dir='ltr'>iarn</span> <span class='ocrx_word' id='word_1_33' title='bbox 1146 523 1206 562; x_wconf 86' lang='lat' dir='ltr'>rerc</span> <span class='ocrx_word' id='word_1_34' title='bbox 1226 509 1369 578; x_wconf 78' lang='lat' dir='ltr'>pessimum</span> <span class='ocrx_word' id='word_1_35' title='bbox 1389 509 1470 577; x_wconf 90' lang='lat' dir='ltr'>foret,</span> <span class='ocrx_word' id='word_1_36' title='bbox 1490 513 1512 565; x_wconf 92' lang='lat' dir='ltr'>si</span> <span class='ocrx_word' id='word_1_37' title='bbox 1527 515 1589 579; x_wconf 91' lang='lat' dir='ltr'>ille,</span> <span class='ocrx_word' id='word_1_38' title='bbox 1602 516 1645 570; x_wconf 89' lang='lat' dir='ltr'>cui</span> <span class='ocrx_word' id='word_1_39' title='bbox 1658 529 1743 572; x_wconf 83' lang='lat' dir='ltr'>coacte</span> <span class='ocrx_word' id='word_1_40' title='bbox 1757 524 1894 590; x_wconf 69' lang='lat' dir='ltr'>negotium</span> 
     </span>
    </p>
   </div>
   <div class='ocr_carea' id='block_1_3' title="bbox 199 583 1891 745">
    <p class='ocr_par' dir='ltr' id='par_1_3' title="bbox 199 583 1891 745">
     <span class='ocr_line' id='line_1_4' title="bbox 199 583 1891 661; baseline 0.016 -29"><span class='ocrx_word' id='word_1_41' title='bbox 199 597 257 633; x_wconf 81' lang='lat' dir='ltr'>rem</span> <span class='ocrx_word' id='word_1_42' title='bbox 277 601 335 636; x_wconf 86' lang='lat' dir='ltr'>nun</span> <span class='ocrx_word' id='word_1_43' title='bbox 355 602 470 638; x_wconf 83' lang='lat' dir='ltr'>trovam.</span> <span class='ocrx_word' id='word_1_44' title='bbox 492 593 532 637; x_wconf 89' lang='lat' dir='ltr'>tt.</span> <span class='ocrx_word' id='word_1_45' title='bbox 549 587 573 650; x_wconf 85' lang='lat'>§.</span> <span class='ocrx_word' id='word_1_46' title='bbox 594 595 616 636; x_wconf 91' lang='lat' dir='ltr'>t.</span> <span class='ocrx_word' id='word_1_47' title='bbox 635 601 659 636; x_wconf 89' lang='lat' dir='ltr'>c.</span> <span class='ocrx_word' id='word_1_48' title='bbox 677 583 776 652; x_wconf 72' lang='lat' dir='ltr'>deind.</span> <span class='ocrx_word' id='word_1_49' title='bbox 790 585 859 655; x_wconf 92' lang='lat' dir='ltr'>quod</span> <span class='ocrx_word' id='word_1_50' title='bbox 872 599 897 641; x_wconf 86' lang='lat' dir='ltr'>et</span> <span class='ocrx_word' id='word_1_51' title='bbox 909 589 1021 643; x_wconf 73' lang='lat' dir='ltr'>babetur</span> <span class='ocrx_word' id='word_1_52' title='bbox 1073 589 1189 643; x_wconf 86' lang='lat' dir='ltr'>reaelrre</span> <span class='ocrx_word' id='word_1_53' title='bbox 1212 609 1347 646; x_wconf 74' lang='lat' dir='ltr'>nmessurn</span> <span class='ocrx_word' id='word_1_54' title='bbox 1374 594 1467 659; x_wconf 78' lang='lat' dir='ltr'>haunt,</span> <span class='ocrx_word' id='word_1_55' title='bbox 1493 597 1597 651; x_wconf 84' lang='lat' dir='ltr'>silentii</span> <span class='ocrx_word' id='word_1_56' title='bbox 1624 597 1705 654; x_wconf 77' lang='lat' dir='ltr'>fidem</span> <span class='ocrx_word' id='word_1_57' title='bbox 1725 602 1891 661; x_wconf 75' lang='lat' dir='ltr'>detrectaret.</span> 
     </span>
     <span class='ocr_line' id='line_1_5' title="bbox 199 661 1891 745; baseline 0.014 -30"><span class='ocrx_word' id='word_1_58' title='bbox 199 661 228 716; x_wconf 92' lang='lat' dir='ltr'>in</span> <span class='ocrx_word' id='word_1_59' title='bbox 254 665 398 732; x_wconf 75' lang='lat' dir='ltr'>iuramenti</span> <span class='ocrx_word' id='word_1_60' title='bbox 423 664 536 720; x_wconf 86' lang='lat' dir='ltr'>formula</span> <span class='ocrx_word' id='word_1_61' title='bbox 560 667 594 720; x_wconf 87' lang='lat' dir='ltr'>ab</span> <span class='ocrx_word' id='word_1_62' title='bbox 618 666 748 721; x_wconf 82' lang='lat' dir='ltr'>sdrccatis</span> <span class='ocrx_word' id='word_1_63' title='bbox 774 669 1020 725; x_wconf 86' lang='lat' dir='ltr'>Wisnrariensibus</span> <span class='ocrx_word' id='word_1_64' title='bbox 1072 669 1195 726; x_wconf 82' lang='lat' dir='ltr'>Nerisan.</span> <span class='ocrx_word' id='word_1_65' title='bbox 1214 675 1279 745; x_wconf 82' lang='lat' dir='ltr'>syla.</span> <span class='ocrx_word' id='word_1_66' title='bbox 1300 687 1376 745; x_wconf 84' lang='lat' dir='ltr'>nupt.</span> <span class='ocrx_word' id='word_1_67' title='bbox 1395 676 1414 727; x_wconf 82' lang='lat'>1·</span> <span class='ocrx_word' id='word_1_68' title='bbox 1436 689 1458 730; x_wconf 86' lang='lat' dir='ltr'>t.</span> <span class='ocrx_word' id='word_1_69' title='bbox 1479 698 1507 732; x_wconf 85' lang='lat' dir='ltr'>u.</span> <span class='ocrx_word' id='word_1_70' title='bbox 1528 689 1568 732; x_wconf 89' lang='lat' dir='ltr'>tr.</span> <span class='ocrx_word' id='word_1_71' title='bbox 1587 681 1617 736; x_wconf 88' lang='lat' dir='ltr'>iu</span> <span class='ocrx_word' id='word_1_72' title='bbox 1643 687 1712 738; x_wconf 85' lang='lat' dir='ltr'>med.</span> <span class='ocrx_word' id='word_1_73' title='bbox 1738 687 1817 741; x_wconf 87' lang='lat' dir='ltr'>Unde</span> <span class='ocrx_word' id='word_1_74' title='bbox 1842 707 1891 743; x_wconf 83' lang='lat' dir='ltr'>nec</span> 
     </span>
    </p>
   </div>
   <div class='ocr_carea' id='block_1_4' title="bbox 199 749 1892 920">
    <p class='ocr_par' dir='ltr' id='par_1_4' title="bbox 199 749 1892 920">
     <span class='ocr_line' id='line_1_6' title="bbox 199 749 1889 837; baseline 0.017 -37"><span class='ocrx_word' id='word_1_75' title='bbox 199 751 374 818; x_wconf 88' lang='lat' dir='ltr'>praestanda,</span> <span class='ocrx_word' id='word_1_76' title='bbox 398 751 453 803; x_wconf 83' lang='lat' dir='ltr'>rid.</span> <span class='ocrx_word' id='word_1_77' title='bbox 472 751 562 804; x_wconf 83' lang='lat' dir='ltr'>ordin.</span> <span class='ocrx_word' id='word_1_78' title='bbox 587 751 685 804; x_wconf 80' lang='lat' dir='ltr'>tribon.</span> <span class='ocrx_word' id='word_1_79' title='bbox 718 749 844 804; x_wconf 83' lang='lat' dir='ltr'>Wismur.</span> <span class='ocrx_word' id='word_1_80' title='bbox 870 753 921 805; x_wconf 86' lang='lat' dir='ltr'>loc.</span> <span class='ocrx_word' id='word_1_81' title='bbox 945 770 1018 822; x_wconf 86' lang='lat' dir='ltr'>supr.</span> <span class='ocrx_word' id='word_1_82' title='bbox 1074 755 1192 811; x_wconf 79' lang='lat' dir='ltr'>medicus</span> <span class='ocrx_word' id='word_1_83' title='bbox 1211 761 1238 812; x_wconf 93' lang='lat' dir='ltr'>in</span> <span class='ocrx_word' id='word_1_84' title='bbox 1258 767 1353 814; x_wconf 86' lang='lat' dir='ltr'>testem</span> <span class='ocrx_word' id='word_1_85' title='bbox 1372 763 1501 816; x_wconf 80' lang='lat' dir='ltr'>vocandus</span> <span class='ocrx_word' id='word_1_86' title='bbox 1518 766 1572 818; x_wconf 88' lang='lat' dir='ltr'>erit</span> <span class='ocrx_word' id='word_1_87' title='bbox 1589 783 1669 837; x_wconf 87' lang='lat' dir='ltr'>super</span> <span class='ocrx_word' id='word_1_88' title='bbox 1687 769 1784 824; x_wconf 89' lang='lat' dir='ltr'>illicita</span> <span class='ocrx_word' id='word_1_89' title='bbox 1795 791 1889 830; x_wconf 81' lang='lat' dir='ltr'>venere</span> 
     </span>
     <span class='ocr_line' id='line_1_7' title="bbox 201 833 1892 920; baseline 0.014 -36"><span class='ocrx_word' id='word_1_90' title='bbox 201 833 281 902; x_wconf 71' lang='lat' dir='ltr'>alleg.</span> <span class='ocrx_word' id='word_1_91' title='bbox 302 833 436 888; x_wconf 79' lang='lat' dir='ltr'>Posterius</span> <span class='ocrx_word' id='word_1_92' title='bbox 455 835 604 887; x_wconf 78' lang='lat' dir='ltr'>membrum</span> <span class='ocrx_word' id='word_1_93' title='bbox 629 835 759 888; x_wconf 88' lang='lat' dir='ltr'>rationem</span> <span class='ocrx_word' id='word_1_94' title='bbox 778 853 826 906; x_wconf 92' lang='lat' dir='ltr'>pro</span> <span class='ocrx_word' id='word_1_95' title='bbox 846 833 1020 892; x_wconf 83' lang='lat' dir='ltr'>frmdameutc</span> <span class='ocrx_word' id='word_1_96' title='bbox 1070 841 1156 896; x_wconf 88' lang='lat' dir='ltr'>aliore</span> <span class='ocrx_word' id='word_1_97' title='bbox 1179 843 1311 908; x_wconf 87' lang='lat' dir='ltr'>crimine,</span> <span class='ocrx_word' id='word_1_98' title='bbox 1334 843 1404 914; x_wconf 86' lang='lat' dir='ltr'>qnod</span> <span class='ocrx_word' id='word_1_99' title='bbox 1427 857 1546 912; x_wconf 65' lang='lat' dir='ltr'>recoctus</span> <span class='ocrx_word' id='word_1_100' title='bbox 1568 848 1602 901; x_wconf 87' lang='lat' dir='ltr'>sd</span> <span class='ocrx_word' id='word_1_101' title='bbox 1621 852 1813 920; x_wconf 76' lang='lat' dir='ltr'>impetrandam</span> <span class='ocrx_word' id='word_1_102' title='bbox 1834 875 1892 910; x_wconf 83' lang='lat' dir='ltr'>rne-</span> 
     </span>
    </p>
   </div>
   <div class='ocr_carea' id='block_1_5' title="bbox 193 915 1019 2424">
    <p class='ocr_par' dir='ltr' id='par_1_5' title="bbox 197 915 1019 1414">
     <span class='ocr_line' id='line_1_8' title="bbox 198 915 1017 992; baseline 0.012 -24"><span class='ocrx_word' id='word_1_103' title='bbox 198 915 294 980; x_wconf 72' lang='lat' dir='ltr'>babetr</span> <span class='ocrx_word' id='word_1_104' title='bbox 314 919 439 989; x_wconf 76' lang='lat' dir='ltr'>proderet</span> <span class='ocrx_word' id='word_1_105' title='bbox 456 920 529 972; x_wconf 89' lang='lat' dir='ltr'>euim</span> <span class='ocrx_word' id='word_1_106' title='bbox 550 921 586 973; x_wconf 87' lang='lat' dir='ltr'>its</span> <span class='ocrx_word' id='word_1_107' title='bbox 615 937 719 973; x_wconf 87' lang='lat' dir='ltr'>causam</span> <span class='ocrx_word' id='word_1_108' title='bbox 744 931 769 973; x_wconf 87' lang='lat' dir='ltr'>et</span> <span class='ocrx_word' id='word_1_109' title='bbox 794 931 901 976; x_wconf 76' lang='lat' dir='ltr'>secretu</span> <span class='ocrx_word' id='word_1_110' title='bbox 920 925 1017 992; x_wconf 88' lang='lat' dir='ltr'>partis,</span> 
     </span>
     <span class='ocr_line' id='line_1_9' title="bbox 197 1001 1018 1076; baseline 0.013 -24"><span class='ocrx_word' id='word_1_111' title='bbox 197 1001 269 1068; x_wconf 84' lang='lat' dir='ltr'>quod</span> <span class='ocrx_word' id='word_1_112' title='bbox 288 1001 452 1072; x_wconf 83' lang='lat' dir='ltr'>simpliciter</span> <span class='ocrx_word' id='word_1_113' title='bbox 466 1005 632 1073; x_wconf 88' lang='lat' dir='ltr'>prohibitum</span> <span class='ocrx_word' id='word_1_114' title='bbox 653 1005 670 1058; x_wconf 90' lang='lat' dir='ltr'>l.</span> <span class='ocrx_word' id='word_1_115' title='bbox 692 1016 714 1057; x_wconf 85' lang='lat' dir='ltr'>t.</span> <span class='ocrx_word' id='word_1_116' title='bbox 733 1003 762 1058; x_wconf 84' lang='lat' dir='ltr'>in</span> <span class='ocrx_word' id='word_1_117' title='bbox 771 1002 829 1074; x_wconf 77' lang='lat' dir='ltr'>fin.</span> <span class='ocrx_word' id='word_1_118' title='bbox 838 1005 880 1075; x_wconf 73' lang='lat' dir='ltr'><em>ff</em></span> <span class='ocrx_word' id='word_1_119' title='bbox 894 1007 1018 1076; x_wconf 80' lang='lat' dir='ltr'>deprae-</span> 
     </span>
     <span class='ocr_line' id='line_1_10' title="bbox 199 1083 1018 1161; baseline 0.015 -25"><span class='ocrx_word' id='word_1_120' title='bbox 199 1083 316 1137; x_wconf 77' lang='lat' dir='ltr'>rroricot.</span> <span class='ocrx_word' id='word_1_121' title='bbox 333 1095 363 1136; x_wconf 91' lang='lat' dir='ltr'>ut</span> <span class='ocrx_word' id='word_1_122' title='bbox 380 1086 420 1137; x_wconf 90' lang='lat' dir='ltr'>sic</span> <span class='ocrx_word' id='word_1_123' title='bbox 437 1087 502 1140; x_wconf 86' lang='lat' dir='ltr'>burra</span> <span class='ocrx_word' id='word_1_124' title='bbox 521 1105 595 1140; x_wconf 88' lang='lat' dir='ltr'>cansa</span> <span class='ocrx_word' id='word_1_125' title='bbox 613 1105 666 1142; x_wconf 90' lang='lat' dir='ltr'>nou</span> <span class='ocrx_word' id='word_1_126' title='bbox 684 1090 776 1142; x_wconf 81' lang='lat' dir='ltr'>saltem</span> <span class='ocrx_word' id='word_1_127' title='bbox 795 1109 847 1144; x_wconf 92' lang='lat' dir='ltr'>uon</span> <span class='ocrx_word' id='word_1_128' title='bbox 867 1095 1001 1161; x_wconf 87' lang='lat' dir='ltr'>prodenda</span> <span class='ocrx_word' id='word_1_129' title='bbox 1008 1133 1018 1161; x_wconf 93' lang='lat'>,</span> 
     </span>
     <span class='ocr_line' id='line_1_11' title="bbox 200 1168 1019 1245; baseline 0.013 -25"><span class='ocrx_word' id='word_1_130' title='bbox 200 1168 247 1220; x_wconf 85' lang='lat' dir='ltr'>sed</span> <span class='ocrx_word' id='word_1_131' title='bbox 266 1187 315 1221; x_wconf 90' lang='lat' dir='ltr'>nec</span> <span class='ocrx_word' id='word_1_132' title='bbox 333 1171 418 1234; x_wconf 71' lang='lat' dir='ltr'>maiar</span> <span class='ocrx_word' id='word_1_133' title='bbox 435 1171 499 1240; x_wconf 82' lang='lat' dir='ltr'>quia</span> <span class='ocrx_word' id='word_1_134' title='bbox 517 1185 627 1243; x_wconf 89' lang='lat' dir='ltr'>utroque</span> <span class='ocrx_word' id='word_1_135' title='bbox 645 1191 706 1226; x_wconf 89' lang='lat' dir='ltr'>casu</span> <span class='ocrx_word' id='word_1_136' title='bbox 730 1171 763 1230; x_wconf 81' lang='lat' dir='ltr'>stt</span> <span class='ocrx_word' id='word_1_137' title='bbox 786 1175 885 1241; x_wconf 80' lang='lat' dir='ltr'>iniuria</span> <span class='ocrx_word' id='word_1_138' title='bbox 908 1178 1019 1245; x_wconf 88' lang='lat' dir='ltr'>clienti,</span> 
     </span>
     <span class='ocr_line' id='line_1_12' title="bbox 197 1249 1018 1331; baseline 0.018 -30"><span class='ocrx_word' id='word_1_139' title='bbox 197 1249 297 1320; x_wconf 88' lang='lat' dir='ltr'>quiex</span> <span class='ocrx_word' id='word_1_140' title='bbox 325 1267 494 1325; x_wconf 82' lang='lat' dir='ltr'>praesumpta</span> <span class='ocrx_word' id='word_1_141' title='bbox 519 1257 623 1310; x_wconf 87' lang='lat' dir='ltr'>silentii</span> <span class='ocrx_word' id='word_1_142' title='bbox 649 1253 705 1311; x_wconf 86' lang='lat' dir='ltr'>fide</span> <span class='ocrx_word' id='word_1_143' title='bbox 730 1258 854 1314; x_wconf 81' lang='lat' dir='ltr'>adsumto</span> <span class='ocrx_word' id='word_1_144' title='bbox 884 1263 1018 1331; x_wconf 78' lang='lat' dir='ltr'>negotium</span> 
     </span>
     <span class='ocr_line' id='line_1_13' title="bbox 199 1340 848 1414; baseline 0.012 -24"><span class='ocrx_word' id='word_1_145' title='bbox 199 1349 367 1407; x_wconf 81' lang='lat' dir='ltr'>exposuerat.</span> <span class='ocrx_word' id='word_1_146' title='bbox 385 1340 465 1394; x_wconf 85' lang='lat' dir='ltr'>Conf.</span> <span class='ocrx_word' id='word_1_147' title='bbox 486 1341 574 1410; x_wconf 62' lang='lat' dir='ltr'>burin.</span> <span class='ocrx_word' id='word_1_148' title='bbox 594 1343 620 1395; x_wconf 80' lang='lat' dir='ltr'>d.</span> <span class='ocrx_word' id='word_1_149' title='bbox 638 1363 661 1396; x_wconf 89' lang='lat' dir='ltr'>e.</span> <span class='ocrx_word' id='word_1_150' title='bbox 682 1354 724 1395; x_wconf 85' lang='lat' dir='ltr'>at.</span> <span class='ocrx_word' id='word_1_151' title='bbox 739 1363 768 1414; x_wconf 84' lang='lat' dir='ltr'>p.</span> <span class='ocrx_word' id='word_1_152' title='bbox 792 1355 848 1399; x_wconf 77' lang='lat' dir='ltr'>tot.</span> 
     </span>
    </p>

    <p class='ocr_par' dir='ltr' id='par_1_6' title="bbox 193 1421 1019 2424">
     <span class='ocr_line' id='line_1_14' title="bbox 234 1421 1019 1496; baseline 0.014 -23"><span class='ocrx_word' id='word_1_153' title='bbox 234 1421 275 1492; x_wconf 86' lang='lat' dir='ltr'>(s)</span> <span class='ocrx_word' id='word_1_154' title='bbox 294 1424 388 1478; x_wconf 90' lang='lat' dir='ltr'>&#39;fertio</span> <span class='ocrx_word' id='word_1_155' title='bbox 404 1425 511 1480; x_wconf 84' lang='lat' dir='ltr'>demum</span> <span class='ocrx_word' id='word_1_156' title='bbox 531 1425 648 1480; x_wconf 89' lang='lat' dir='ltr'>dubitari</span> <span class='ocrx_word' id='word_1_157' title='bbox 662 1429 739 1490; x_wconf 70' lang='lat' dir='ltr'>solete</span> <span class='ocrx_word' id='word_1_158' title='bbox 758 1427 823 1496; x_wconf 90' lang='lat' dir='ltr'>quid</span> <span class='ocrx_word' id='word_1_159' title='bbox 837 1427 860 1479; x_wconf 91' lang='lat' dir='ltr'>si</span> <span class='ocrx_word' id='word_1_160' title='bbox 873 1429 1019 1492; x_wconf 73' lang='lat' dir='ltr'>admonius,</span> 
     </span>
     <span class='ocr_line' id='line_1_15' title="bbox 197 1510 1018 1579; baseline 0.011 -20"><span class='ocrx_word' id='word_1_161' title='bbox 197 1517 320 1577; x_wconf 72' lang='lat' dir='ltr'>msceptc</span> <span class='ocrx_word' id='word_1_162' title='bbox 337 1511 418 1562; x_wconf 87' lang='lat' dir='ltr'>semel</span> <span class='ocrx_word' id='word_1_163' title='bbox 437 1511 601 1579; x_wconf 85' lang='lat' dir='ltr'>patrocinio,</span> <span class='ocrx_word' id='word_1_164' title='bbox 622 1522 649 1564; x_wconf 90' lang='lat' dir='ltr'>et</span> <span class='ocrx_word' id='word_1_165' title='bbox 666 1510 790 1564; x_wconf 91' lang='lat' dir='ltr'>didicitis</span> <span class='ocrx_word' id='word_1_166' title='bbox 808 1529 899 1564; x_wconf 83' lang='lat' dir='ltr'>causue</span> <span class='ocrx_word' id='word_1_167' title='bbox 912 1518 1018 1568; x_wconf 87' lang='lat' dir='ltr'>secretis</span> 
     </span>
     <span class='ocr_line' id='line_1_16' title="bbox 195 1591 1017 1666; baseline 0.012 -24"><span class='ocrx_word' id='word_1_168' title='bbox 195 1591 374 1662; x_wconf 82' lang='lat' dir='ltr'>patrocinium</span> <span class='ocrx_word' id='word_1_169' title='bbox 389 1595 544 1650; x_wconf 75' lang='lat' dir='ltr'>continuam</span> <span class='ocrx_word' id='word_1_170' title='bbox 557 1595 632 1659; x_wconf 90' lang='lat' dir='ltr'>relit,</span> <span class='ocrx_word' id='word_1_171' title='bbox 646 1597 691 1650; x_wconf 84' lang='lat' dir='ltr'>sed</span> <span class='ocrx_word' id='word_1_172' title='bbox 707 1598 766 1666; x_wconf 91' lang='lat' dir='ltr'>ipse</span> <span class='ocrx_word' id='word_1_173' title='bbox 778 1595 863 1650; x_wconf 89' lang='lat' dir='ltr'>cliens</span> <span class='ocrx_word' id='word_1_174' title='bbox 877 1599 1017 1666; x_wconf 88' lang='lat' dir='ltr'>repudium</span> 
     </span>
     <span class='ocr_line' id='line_1_17' title="bbox 200 1675 1018 1754; baseline 0.009 -22"><span class='ocrx_word' id='word_1_175' title='bbox 200 1675 245 1732; x_wconf 89' lang='lat' dir='ltr'>det</span> <span class='ocrx_word' id='word_1_176' title='bbox 264 1677 406 1739; x_wconf 73' lang='lat' dir='ltr'>advocator</span> <span class='ocrx_word' id='word_1_177' title='bbox 425 1697 514 1736; x_wconf 89' lang='lat' dir='ltr'>annon</span> <span class='ocrx_word' id='word_1_178' title='bbox 531 1681 568 1734; x_wconf 86' lang='lat' dir='ltr'>ita</span> <span class='ocrx_word' id='word_1_179' title='bbox 587 1682 656 1735; x_wconf 83' lang='lat' dir='ltr'>salva</span> <span class='ocrx_word' id='word_1_180' title='bbox 675 1680 776 1747; x_wconf 75' lang='lat' dir='ltr'>iustitia</span> <span class='ocrx_word' id='word_1_181' title='bbox 794 1681 937 1737; x_wconf 85' lang='lat' dir='ltr'>aduersarii</span> <span class='ocrx_word' id='word_1_182' title='bbox 956 1703 1018 1754; x_wconf 84' lang='lat' dir='ltr'>par·</span> 
     </span>
     <span class='ocr_line' id='line_1_18' title="bbox 200 1763 1018 1834; baseline 0.009 -20"><span class='ocrx_word' id='word_1_183' title='bbox 200 1767 242 1814; x_wconf 84' lang='lat' dir='ltr'>tes</span> <span class='ocrx_word' id='word_1_184' title='bbox 259 1765 329 1816; x_wconf 90' lang='lat' dir='ltr'>tueri</span> <span class='ocrx_word' id='word_1_185' title='bbox 348 1763 454 1834; x_wconf 83' lang='lat' dir='ltr'>possiti</span> <span class='ocrx_word' id='word_1_186' title='bbox 473 1765 524 1818; x_wconf 80' lang='lat' dir='ltr'>ltt.</span> <span class='ocrx_word' id='word_1_187' title='bbox 545 1765 594 1818; x_wconf 86' lang='lat' dir='ltr'>boc</span> <span class='ocrx_word' id='word_1_188' title='bbox 614 1765 710 1818; x_wconf 74' lang='lat' dir='ltr'>buturi.</span> <span class='ocrx_word' id='word_1_189' title='bbox 724 1767 819 1820; x_wconf 76' lang='lat' dir='ltr'>ttatrtu</span> <span class='ocrx_word' id='word_1_190' title='bbox 838 1765 878 1820; x_wconf 83' lang='lat' dir='ltr'>ud</span> <span class='ocrx_word' id='word_1_191' title='bbox 895 1767 920 1819; x_wconf 84' lang='lat' dir='ltr'>d.</span> <span class='ocrx_word' id='word_1_192' title='bbox 939 1767 957 1820; x_wconf 89' lang='lat' dir='ltr'>l.</span> <span class='ocrx_word' id='word_1_193' title='bbox 977 1779 1018 1822; x_wconf 84' lang='lat' dir='ltr'>tr.</span> 
     </span>
     <span class='ocr_line' id='line_1_19' title="bbox 193 1845 1019 1922; baseline 0.005 -22"><span class='ocrx_word' id='word_1_194' title='bbox 193 1845 229 1916; x_wconf 66' lang='lat' dir='ltr'><em>ff</em></span> <span class='ocrx_word' id='word_1_195' title='bbox 247 1857 267 1900; x_wconf 89' lang='lat' dir='ltr'>t.</span> <span class='ocrx_word' id='word_1_196' title='bbox 288 1859 313 1899; x_wconf 81' lang='lat' dir='ltr'>s.</span> <span class='ocrx_word' id='word_1_197' title='bbox 331 1867 359 1903; x_wconf 89' lang='lat' dir='ltr'>e.</span> <span class='ocrx_word' id='word_1_198' title='bbox 378 1861 401 1902; x_wconf 89' lang='lat' dir='ltr'>t.</span> <span class='ocrx_word' id='word_1_199' title='bbox 420 1869 449 1905; x_wconf 85' lang='lat' dir='ltr'>rr.</span> <span class='ocrx_word' id='word_1_200' title='bbox 469 1863 494 1904; x_wconf 84' lang='lat' dir='ltr'>t.</span> <span class='ocrx_word' id='word_1_201' title='bbox 513 1849 612 1922; x_wconf 74' lang='lat' dir='ltr'>infin.</span> <span class='ocrx_word' id='word_1_202' title='bbox 631 1850 791 1905; x_wconf 75' lang='lat' dir='ltr'>Advocatum</span> <span class='ocrx_word' id='word_1_203' title='bbox 806 1871 821 1903; x_wconf 88' lang='lat' dir='ltr'>a</span> <span class='ocrx_word' id='word_1_204' title='bbox 835 1851 966 1920; x_wconf 69' lang='lat' dir='ltr'>litigatore</span> <span class='ocrx_word' id='word_1_205' title='bbox 978 1851 1019 1904; x_wconf 75' lang='lat' dir='ltr'>afi-</span> 
     </span>
     <span class='ocr_line' id='line_1_20' title="bbox 195 1931 1019 2008; baseline 0.008 -24"><span class='ocrx_word' id='word_1_206' title='bbox 195 1931 323 1997; x_wconf 83' lang='lat' dir='ltr'>missum,</span> <span class='ocrx_word' id='word_1_207' title='bbox 342 1933 495 1989; x_wconf 83' lang='lat' dir='ltr'>adrersario</span> <span class='ocrx_word' id='word_1_208' title='bbox 512 1939 570 2002; x_wconf 78' lang='lat' dir='ltr'>eius</span> <span class='ocrx_word' id='word_1_209' title='bbox 587 1953 694 2007; x_wconf 86' lang='lat' dir='ltr'>operam</span> <span class='ocrx_word' id='word_1_210' title='bbox 712 1936 776 1990; x_wconf 87' lang='lat' dir='ltr'>dare</span> <span class='ocrx_word' id='word_1_211' title='bbox 793 1954 888 2008; x_wconf 80' lang='lat' dir='ltr'>passe,-</span> <span class='ocrx_word' id='word_1_212' title='bbox 904 1956 963 1990; x_wconf 89' lang='lat' dir='ltr'>euru</span> <span class='ocrx_word' id='word_1_213' title='bbox 983 1939 1019 1991; x_wconf 89' lang='lat' dir='ltr'>si-</span> 
     </span>
     <span class='ocr_line' id='line_1_21' title="bbox 195 2014 1018 2090; baseline 0.01 -24"><span class='ocrx_word' id='word_1_214' title='bbox 195 2014 223 2067; x_wconf 91' lang='lat' dir='ltr'>bi</span> <span class='ocrx_word' id='word_1_215' title='bbox 244 2016 376 2086; x_wconf 87' lang='lat' dir='ltr'>imputare</span> <span class='ocrx_word' id='word_1_216' title='bbox 393 2018 488 2074; x_wconf 88' lang='lat' dir='ltr'>debeat</span> <span class='ocrx_word' id='word_1_217' title='bbox 506 2021 640 2090; x_wconf 72' lang='lat' dir='ltr'>litigator,</span> <span class='ocrx_word' id='word_1_218' title='bbox 663 2021 685 2072; x_wconf 90' lang='lat' dir='ltr'>si</span> <span class='ocrx_word' id='word_1_219' title='bbox 707 2021 916 2090; x_wconf 80' lang='lat' dir='ltr'>patronusn,cni</span> <span class='ocrx_word' id='word_1_220' title='bbox 928 2021 1018 2074; x_wconf 88' lang='lat' dir='ltr'>omnia</span> 
     </span>
     <span class='ocr_line' id='line_1_22' title="bbox 195 2103 1017 2174; baseline 0.009 -22"><span class='ocrx_word' id='word_1_221' title='bbox 195 2115 290 2155; x_wconf 74' lang='lat' dir='ltr'>musae</span> <span class='ocrx_word' id='word_1_222' title='bbox 308 2103 402 2158; x_wconf 85' lang='lat' dir='ltr'>merita</span> <span class='ocrx_word' id='word_1_223' title='bbox 421 2124 450 2158; x_wconf 91' lang='lat' dir='ltr'>ac</span> <span class='ocrx_word' id='word_1_224' title='bbox 476 2115 576 2159; x_wconf 83' lang='lat' dir='ltr'>secreta</span> <span class='ocrx_word' id='word_1_225' title='bbox 602 2117 739 2174; x_wconf 80' lang='lat' dir='ltr'>perspecta</span> <span class='ocrx_word' id='word_1_226' title='bbox 764 2117 844 2167; x_wconf 90' lang='lat' dir='ltr'>suut,</span> <span class='ocrx_word' id='word_1_227' title='bbox 868 2105 1017 2170; x_wconf 85' lang='lat' dir='ltr'>dimiserit,</span> 
     </span>
     <span class='ocr_line' id='line_1_23' title="bbox 196 2189 1014 2259; baseline 0.005 -19"><span class='ocrx_word' id='word_1_228' title='bbox 196 2195 258 2240; x_wconf 76' lang='lat' dir='ltr'>nrm</span> <span class='ocrx_word' id='word_1_229' title='bbox 267 2190 384 2256; x_wconf 88' lang='lat' dir='ltr'>potnerit</span> <span class='ocrx_word' id='word_1_230' title='bbox 400 2199 444 2242; x_wconf 89' lang='lat' dir='ltr'>aut</span> <span class='ocrx_word' id='word_1_231' title='bbox 458 2189 579 2242; x_wconf 88' lang='lat' dir='ltr'>debuerit</span> <span class='ocrx_word' id='word_1_232' title='bbox 591 2201 662 2244; x_wconf 87' lang='lat' dir='ltr'>certo</span> <span class='ocrx_word' id='word_1_233' title='bbox 673 2192 797 2256; x_wconf 70' lang='lat' dir='ltr'>cogitare,</span> <span class='ocrx_word' id='word_1_234' title='bbox 807 2189 873 2259; x_wconf 89' lang='lat' dir='ltr'>qnid</span> <span class='ocrx_word' id='word_1_235' title='bbox 887 2191 924 2243; x_wconf 87' lang='lat' dir='ltr'>sit</span> <span class='ocrx_word' id='word_1_236' title='bbox 935 2207 1014 2244; x_wconf 84' lang='lat' dir='ltr'>esen·</span> 
     </span>
     <span class='ocr_line' id='line_1_24' title="bbox 196 2271 1015 2341; baseline 0.002 -17"><span class='ocrx_word' id='word_1_237' title='bbox 196 2279 297 2332; x_wconf 66' lang='lat' dir='ltr'>turum:</span> <span class='ocrx_word' id='word_1_238' title='bbox 311 2283 339 2325; x_wconf 91' lang='lat' dir='ltr'>rrt</span> <span class='ocrx_word' id='word_1_239' title='bbox 348 2271 412 2324; x_wconf 88' lang='lat' dir='ltr'>ltine</span> <span class='ocrx_word' id='word_1_240' title='bbox 424 2271 498 2341; x_wconf 88' lang='lat' dir='ltr'>qnasi</span> <span class='ocrx_word' id='word_1_241' title='bbox 512 2289 556 2324; x_wconf 89' lang='lat' dir='ltr'>sua</span> <span class='ocrx_word' id='word_1_242' title='bbox 572 2272 648 2340; x_wconf 86' lang='lat' dir='ltr'>culps</span> <span class='ocrx_word' id='word_1_243' title='bbox 657 2271 781 2323; x_wconf 85' lang='lat' dir='ltr'>dssnrruru</span> <span class='ocrx_word' id='word_1_244' title='bbox 790 2273 909 2325; x_wconf 86' lang='lat' dir='ltr'>sentiens</span> <span class='ocrx_word' id='word_1_245' title='bbox 920 2273 1015 2335; x_wconf 85' lang='lat' dir='ltr'>cliens,</span> 
     </span>
     <span class='ocr_line' id='line_1_25' title="bbox 194 2353 1014 2424; baseline 0.005 -18"><span class='ocrx_word' id='word_1_246' title='bbox 194 2355 265 2408; x_wconf 90' lang='lat' dir='ltr'>illud</span> <span class='ocrx_word' id='word_1_247' title='bbox 285 2373 338 2410; x_wconf 90' lang='lat' dir='ltr'>non</span> <span class='ocrx_word' id='word_1_248' title='bbox 358 2356 459 2410; x_wconf 87' lang='lat' dir='ltr'>sentire</span> <span class='ocrx_word' id='word_1_249' title='bbox 484 2356 607 2424; x_wconf 83' lang='lat' dir='ltr'>rideatur</span> <span class='ocrx_word' id='word_1_250' title='bbox 625 2358 698 2417; x_wconf 85' lang='lat' dir='ltr'>iuxta</span> <span class='ocrx_word' id='word_1_251' title='bbox 719 2355 736 2406; x_wconf 92' lang='lat' dir='ltr'>l.</span> <span class='ocrx_word' id='word_1_252' title='bbox 758 2366 817 2408; x_wconf 85' lang='lat' dir='ltr'>tes.</span> <span class='ocrx_word' id='word_1_253' title='bbox 834 2353 876 2424; x_wconf 79' lang='lat' dir='ltr'>ff·</span> <span class='ocrx_word' id='word_1_254' title='bbox 903 2358 939 2410; x_wconf 84' lang='lat' dir='ltr'>de</span> <span class='ocrx_word' id='word_1_255' title='bbox 955 2359 1014 2410; x_wconf 73' lang='lat' dir='ltr'>asi.</span> 
     </span>
    </p>
   </div>
   <div class='ocr_carea' id='block_1_6' title="bbox 124 2439 1014 2502">
    <p class='ocr_par' dir='ltr' id='par_1_7' title="bbox 124 2439 1014 2502">
     <span class='ocr_line' id='line_1_26' title="bbox 124 2439 1014 2502; baseline 0.003 -10"><span class='ocrx_word' id='word_1_256' title='bbox 124 2495 129 2502; x_wconf 70' lang='grc'><strong>,</strong></span> <span class='ocrx_word' id='word_1_257' title='bbox 197 2441 297 2493; x_wconf 86' lang='lat' dir='ltr'>Verum</span> <span class='ocrx_word' id='word_1_258' title='bbox 318 2439 380 2493; x_wconf 89' lang='lat' dir='ltr'>baec</span> <span class='ocrx_word' id='word_1_259' title='bbox 392 2441 530 2493; x_wconf 73' lang='lat' dir='ltr'>&#39;scrrtentia</span> <span class='ocrx_word' id='word_1_260' title='bbox 549 2441 593 2495; x_wconf 87' lang='lat' dir='ltr'>rix</span> <span class='ocrx_word' id='word_1_261' title='bbox 613 2439 779 2492; x_wconf 85' lang='lat' dir='ltr'>admittenda</span> <span class='ocrx_word' id='word_1_262' title='bbox 796 2441 857 2492; x_wconf 88' lang='lat' dir='ltr'>erit.</span> <span class='ocrx_word' id='word_1_263' title='bbox 878 2441 929 2493; x_wconf 84' lang='lat' dir='ltr'>dut</span> <span class='ocrx_word' id='word_1_264' title='bbox 942 2441 1014 2496; x_wconf 90' lang='lat' dir='ltr'>euim</span> 
     </span>
    </p>
   </div>
   <div class='ocr_carea' id='block_1_7' title="bbox 189 2523 1016 3094">
    <p class='ocr_par' dir='ltr' id='par_1_8' title="bbox 189 2523 1016 3094">
     <span class='ocr_line' id='line_1_27' title="bbox 193 2523 1014 2600; baseline 0.009 -24"><span class='ocrx_word' id='word_1_265' title='bbox 193 2525 337 2579; x_wconf 88' lang='lat' dir='ltr'>sdrocatus</span> <span class='ocrx_word' id='word_1_266' title='bbox 353 2526 400 2578; x_wconf 90' lang='lat' dir='ltr'>ille</span> <span class='ocrx_word' id='word_1_267' title='bbox 413 2545 428 2578; x_wconf 94' lang='lat' dir='ltr'>a</span> <span class='ocrx_word' id='word_1_268' title='bbox 441 2526 541 2580; x_wconf 88' lang='lat' dir='ltr'>cliente</span> <span class='ocrx_word' id='word_1_269' title='bbox 559 2527 687 2578; x_wconf 85' lang='lat' dir='ltr'>dimissus</span> <span class='ocrx_word' id='word_1_270' title='bbox 699 2529 769 2592; x_wconf 86' lang='lat' dir='ltr'>juste</span> <span class='ocrx_word' id='word_1_271' title='bbox 787 2526 874 2596; x_wconf 86' lang='lat' dir='ltr'>(quod</span> <span class='ocrx_word' id='word_1_272' title='bbox 888 2523 945 2580; x_wconf 78' lang='lat' dir='ltr'>fieri</span> <span class='ocrx_word' id='word_1_273' title='bbox 961 2542 1014 2600; x_wconf 91' lang='lat' dir='ltr'>pot·</span> 
     </span>
     <span class='ocr_line' id='line_1_28' title="bbox 193 2607 1012 2682; baseline 0.005 -22"><span class='ocrx_word' id='word_1_274' title='bbox 193 2619 236 2661; x_wconf 91' lang='lat' dir='ltr'>est</span> <span class='ocrx_word' id='word_1_275' title='bbox 256 2623 288 2660; x_wconf 85' lang='lat' dir='ltr'>ex</span> <span class='ocrx_word' id='word_1_276' title='bbox 308 2626 386 2662; x_wconf 83' lang='lat' dir='ltr'>causa</span> <span class='ocrx_word' id='word_1_277' title='bbox 404 2609 618 2678; x_wconf 82' lang='lat' dir='ltr'>superueniente,</span> <span class='ocrx_word' id='word_1_278' title='bbox 637 2619 728 2678; x_wconf 91' lang='lat' dir='ltr'>utpote</span> <span class='ocrx_word' id='word_1_279' title='bbox 745 2607 1012 2682; x_wconf 82' lang='lat' dir='ltr'>inimicitis&#39;capita·</span> 
     </span>
     <span class='ocr_line' id='line_1_29' title="bbox 191 2693 1014 2762; baseline 0.006 -19"><span class='ocrx_word' id='word_1_280' title='bbox 191 2693 230 2757; x_wconf 91' lang='lat' dir='ltr'>li,</span> <span class='ocrx_word' id='word_1_281' title='bbox 247 2693 334 2746; x_wconf 81' lang='lat' dir='ltr'>aliare</span> <span class='ocrx_word' id='word_1_282' title='bbox 349 2693 385 2745; x_wconf 91' lang='lat' dir='ltr'>ob</span> <span class='ocrx_word' id='word_1_283' title='bbox 402 2711 480 2762; x_wconf 91' lang='lat' dir='ltr'>quarn</span> <span class='ocrx_word' id='word_1_284' title='bbox 499 2694 564 2745; x_wconf 88' lang='lat' dir='ltr'>alias</span> <span class='ocrx_word' id='word_1_285' title='bbox 582 2710 684 2762; x_wconf 88' lang='lat' dir='ltr'>quoque</span> <span class='ocrx_word' id='word_1_286' title='bbox 703 2704 897 2762; x_wconf 85' lang='lat' dir='ltr'>procuratorum</span> <span class='ocrx_word' id='word_1_287' title='bbox 912 2694 1014 2748; x_wconf 79' lang='lat' dir='ltr'>maudo·</span> 
     </span>
     <span class='ocr_line' id='line_1_30' title="bbox 191 2775 1016 2848; baseline 0.002 -18"><span class='ocrx_word' id='word_1_288' title='bbox 191 2786 248 2830; x_wconf 85' lang='lat' dir='ltr'>tum</span> <span class='ocrx_word' id='word_1_289' title='bbox 269 2779 385 2830; x_wconf 83' lang='lat' dir='ltr'>resorsri</span> <span class='ocrx_word' id='word_1_290' title='bbox 403 2787 519 2848; x_wconf 78' lang='lat' dir='ltr'>qmteret,</span> <span class='ocrx_word' id='word_1_291' title='bbox 539 2777 556 2829; x_wconf 88' lang='lat' dir='ltr'>l.</span> <span class='ocrx_word' id='word_1_292' title='bbox 573 2786 639 2844; x_wconf 81' lang='lat' dir='ltr'>post</span> <span class='ocrx_word' id='word_1_293' title='bbox 654 2775 729 2828; x_wconf 86' lang='lat' dir='ltr'>litem</span> <span class='ocrx_word' id='word_1_294' title='bbox 752 2787 792 2829; x_wconf 90' lang='lat' dir='ltr'>tt.</span> <span class='ocrx_word' id='word_1_295' title='bbox 812 2787 838 2828; x_wconf 83' lang='lat' dir='ltr'>ct</span> <span class='ocrx_word' id='word_1_296' title='bbox 854 2793 910 2848; x_wconf 76' lang='lat' dir='ltr'>seq.</span> <span class='ocrx_word' id='word_1_297' title='bbox 923 2775 965 2846; x_wconf 71' lang='lat' dir='ltr'><em>ff</em></span> <span class='ocrx_word' id='word_1_298' title='bbox 983 2780 1016 2832; x_wconf 83' lang='lat' dir='ltr'>de</span> 
     </span>
     <span class='ocr_line' id='line_1_31' title="bbox 189 2859 1014 2928; baseline 0.007 -17"><span class='ocrx_word' id='word_1_299' title='bbox 189 2859 318 2928; x_wconf 57' lang='lat' dir='ltr'>proceru)</span> <span class='ocrx_word' id='word_1_300' title='bbox 338 2877 384 2912; x_wconf 88' lang='lat' dir='ltr'>suu</span> <span class='ocrx_word' id='word_1_301' title='bbox 404 2863 461 2927; x_wconf 78' lang='lat' dir='ltr'>jure</span> <span class='ocrx_word' id='word_1_302' title='bbox 480 2877 543 2914; x_wconf 89' lang='lat' dir='ltr'>usus</span> <span class='ocrx_word' id='word_1_303' title='bbox 563 2871 603 2912; x_wconf 87' lang='lat' dir='ltr'>est</span> <span class='ocrx_word' id='word_1_304' title='bbox 621 2861 705 2912; x_wconf 86' lang='lat' dir='ltr'>cliens</span> <span class='ocrx_word' id='word_1_305' title='bbox 716 2897 725 2924; x_wconf 86' lang='lat'>,</span> <span class='ocrx_word' id='word_1_306' title='bbox 745 2877 807 2928; x_wconf 74' lang='lat' dir='ltr'>ergo</span> <span class='ocrx_word' id='word_1_307' title='bbox 824 2861 949 2917; x_wconf 77' lang='lat' dir='ltr'>advocatu</span> <span class='ocrx_word' id='word_1_308' title='bbox 961 2881 1014 2917; x_wconf 87' lang='lat' dir='ltr'>non</span> 
     </span>
     <span class='ocr_line' id='line_1_32' title="bbox 191 2941 1012 3014; baseline 0.007 -20"><span class='ocrx_word' id='word_1_309' title='bbox 191 2941 289 2996; x_wconf 86' lang='lat' dir='ltr'>intulit</span> <span class='ocrx_word' id='word_1_310' title='bbox 307 2943 455 3009; x_wconf 82' lang='lat' dir='ltr'>iujuriam,</span> <span class='ocrx_word' id='word_1_311' title='bbox 473 2962 523 3014; x_wconf 84' lang='lat' dir='ltr'>qua</span> <span class='ocrx_word' id='word_1_312' title='bbox 543 2944 589 2995; x_wconf 90' lang='lat' dir='ltr'>ille</span> <span class='ocrx_word' id='word_1_313' title='bbox 605 2945 676 3010; x_wconf 87' lang='lat' dir='ltr'>juste</span> <span class='ocrx_word' id='word_1_314' title='bbox 702 2943 730 2996; x_wconf 90' lang='lat' dir='ltr'>in</span> <span class='ocrx_word' id='word_1_315' title='bbox 755 2954 844 3014; x_wconf 87' lang='lat' dir='ltr'>partes</span> <span class='ocrx_word' id='word_1_316' title='bbox 870 2945 1012 3001; x_wconf 83' lang='lat' dir='ltr'>ualrerearii</span> 
     </span>
     <span class='ocr_line' id='line_1_33' title="bbox 192 3023 1016 3094; baseline 0.006 -19"><span class='ocrx_word' id='word_1_317' title='bbox 192 3025 268 3076; x_wconf 83' lang='lat' dir='ltr'>truisi</span> <span class='ocrx_word' id='word_1_318' title='bbox 298 3027 394 3094; x_wconf 86' lang='lat' dir='ltr'>possit.</span> <span class='ocrx_word' id='word_1_319' title='bbox 426 3025 455 3078; x_wconf 84' lang='lat' dir='ltr'>Si</span> <span class='ocrx_word' id='word_1_320' title='bbox 476 3025 576 3091; x_wconf 84' lang='lat' dir='ltr'>injuste</span> <span class='ocrx_word' id='word_1_321' title='bbox 592 3041 651 3077; x_wconf 87' lang='lat' dir='ltr'>euru</span> <span class='ocrx_word' id='word_1_322' title='bbox 671 3023 794 3086; x_wconf 89' lang='lat' dir='ltr'>dimisit,</span> <span class='ocrx_word' id='word_1_323' title='bbox 815 3025 920 3078; x_wconf 83' lang='lat' dir='ltr'>serioue</span> <span class='ocrx_word' id='word_1_324' title='bbox 944 3045 1016 3080; x_wconf 84' lang='lat' dir='ltr'>murr-</span> 
     </span>
    </p>
   </div>
   <div class='ocr_carea' id='block_1_8' title="bbox 1066 921 1893 2934">
    <p class='ocr_par' dir='ltr' id='par_1_9' title="bbox 1070 921 1890 1063">
     <span class='ocr_line' id='line_1_34' title="bbox 1070 921 1890 1012; baseline 0.023 -39"><span class='ocrx_word' id='word_1_325' title='bbox 1070 921 1186 977; x_wconf 84' lang='lat' dir='ltr'>diciuaun</span> <span class='ocrx_word' id='word_1_326' title='bbox 1206 925 1340 997; x_wconf 76' lang='lat' dir='ltr'>confessus</span> <span class='ocrx_word' id='word_1_327' title='bbox 1359 938 1415 981; x_wconf 83' lang='lat' dir='ltr'>erat</span> <span class='ocrx_word' id='word_1_328' title='bbox 1427 929 1541 982; x_wconf 87' lang='lat' dir='ltr'>medico.</span> <span class='ocrx_word' id='word_1_329' title='bbox 1559 929 1710 988; x_wconf 80' lang='lat' dir='ltr'>Gutierree.</span> <span class='ocrx_word' id='word_1_330' title='bbox 1733 953 1834 992; x_wconf 82' lang='lat' dir='ltr'>onnon.</span> <span class='ocrx_word' id='word_1_331' title='bbox 1848 959 1890 1012; x_wconf 80' lang='lat' dir='ltr'>pq.</span> 
     </span>
     <span class='ocr_line' id='line_1_35' title="bbox 1071 1007 1377 1063; baseline 0.013 -5"><span class='ocrx_word' id='word_1_332' title='bbox 1071 1007 1118 1062; x_wconf 78' lang='lat' dir='ltr'>tit.</span> <span class='ocrx_word' id='word_1_333' title='bbox 1140 1018 1163 1059; x_wconf 90' lang='lat' dir='ltr'>t.</span> <span class='ocrx_word' id='word_1_334' title='bbox 1181 1027 1204 1062; x_wconf 85' lang='lat' dir='ltr'>c·</span> <span class='ocrx_word' id='word_1_335' title='bbox 1225 1021 1267 1062; x_wconf 86' lang='lat' dir='ltr'>tt.</span> <span class='ocrx_word' id='word_1_336' title='bbox 1287 1028 1312 1062; x_wconf 88' lang='lat' dir='ltr'>u.</span> <span class='ocrx_word' id='word_1_337' title='bbox 1334 1022 1377 1063; x_wconf 81' lang='lat' dir='ltr'>ts.</span> 
     </span>
    </p>

    <p class='ocr_par' dir='ltr' id='par_1_10' title="bbox 1066 1091 1893 2934">
     <span class='ocr_line' id='line_1_36' title="bbox 1107 1091 1890 1174; baseline 0.022 -29"><span class='ocrx_word' id='word_1_338' title='bbox 1107 1093 1138 1145; x_wconf 92' lang='lat' dir='ltr'>ln</span> <span class='ocrx_word' id='word_1_339' title='bbox 1157 1091 1344 1146; x_wconf 88' lang='lat' dir='ltr'>obstetricibus</span> <span class='ocrx_word' id='word_1_340' title='bbox 1361 1093 1464 1165; x_wconf 87' lang='lat' dir='ltr'>pariter</span> <span class='ocrx_word' id='word_1_341' title='bbox 1480 1096 1621 1152; x_wconf 88' lang='lat' dir='ltr'>silentium</span> <span class='ocrx_word' id='word_1_342' title='bbox 1640 1099 1725 1169; x_wconf 73' lang='lat' dir='ltr'>exigit</span> <span class='ocrx_word' id='word_1_343' title='bbox 1747 1103 1890 1174; x_wconf 76' lang='lat' dir='ltr'>hymsnn.</span> 
     </span>
     <span class='ocr_line' id='line_1_37' title="bbox 1069 1176 1890 1260; baseline 0.023 -33"><span class='ocrx_word' id='word_1_344' title='bbox 1069 1176 1152 1228; x_wconf 82' lang='lat' dir='ltr'>tdeoi.</span> <span class='ocrx_word' id='word_1_345' title='bbox 1171 1195 1239 1230; x_wconf 82' lang='lat' dir='ltr'>mor.</span> <span class='ocrx_word' id='word_1_346' title='bbox 1259 1177 1283 1232; x_wconf 86' lang='lat' dir='ltr'>d.</span> <span class='ocrx_word' id='word_1_347' title='bbox 1302 1180 1321 1230; x_wconf 88' lang='lat' dir='ltr'>l.</span> <span class='ocrx_word' id='word_1_348' title='bbox 1339 1197 1400 1232; x_wconf 85' lang='lat' dir='ltr'>nrm</span> <span class='ocrx_word' id='word_1_349' title='bbox 1420 1190 1448 1234; x_wconf 90' lang='lat' dir='ltr'>et</span> <span class='ocrx_word' id='word_1_350' title='bbox 1472 1183 1517 1235; x_wconf 87' lang='lat' dir='ltr'>his</span> <span class='ocrx_word' id='word_1_351' title='bbox 1542 1197 1642 1238; x_wconf 83' lang='lat' dir='ltr'>secretu</span> <span class='ocrx_word' id='word_1_352' title='bbox 1662 1189 1890 1260; x_wconf 76' lang='lat' dir='ltr'>comminantur,</span> 
     </span>
     <span class='ocr_line' id='line_1_38' title="bbox 1069 1263 1892 1343; baseline 0.021 -32"><span class='ocrx_word' id='word_1_353' title='bbox 1069 1275 1135 1330; x_wconf 83' lang='lat' dir='ltr'>quse</span> <span class='ocrx_word' id='word_1_354' title='bbox 1153 1263 1285 1332; x_wconf 86' lang='lat' dir='ltr'>propalari</span> <span class='ocrx_word' id='word_1_355' title='bbox 1304 1264 1471 1319; x_wconf 87' lang='lat' dir='ltr'>committeus</span> <span class='ocrx_word' id='word_1_356' title='bbox 1490 1268 1603 1322; x_wconf 90' lang='lat' dir='ltr'>minime</span> <span class='ocrx_word' id='word_1_357' title='bbox 1620 1269 1702 1342; x_wconf 89' lang='lat' dir='ltr'>cupit,</span> <span class='ocrx_word' id='word_1_358' title='bbox 1721 1282 1748 1324; x_wconf 91' lang='lat' dir='ltr'>et</span> <span class='ocrx_word' id='word_1_359' title='bbox 1767 1275 1825 1343; x_wconf 80' lang='lat' dir='ltr'>puri</span> <span class='ocrx_word' id='word_1_360' title='bbox 1844 1294 1892 1330; x_wconf 84' lang='lat' dir='ltr'>ue-</span> 
     </span>
     <span class='ocr_line' id='line_1_39' title="bbox 1069 1346 1893 1424; baseline 0.019 -27"><span class='ocrx_word' id='word_1_361' title='bbox 1069 1346 1206 1408; x_wconf 82' lang='lat' dir='ltr'>cessitste,</span> <span class='ocrx_word' id='word_1_362' title='bbox 1224 1365 1276 1416; x_wconf 90' lang='lat' dir='ltr'>qus</span> <span class='ocrx_word' id='word_1_363' title='bbox 1300 1365 1360 1416; x_wconf 73' lang='lat' dir='ltr'>erga</span> <span class='ocrx_word' id='word_1_364' title='bbox 1380 1348 1511 1404; x_wconf 87' lang='lat' dir='ltr'>medicum</span> <span class='ocrx_word' id='word_1_365' title='bbox 1530 1362 1672 1421; x_wconf 74' lang='lat' dir='ltr'>aegrotus,</span> <span class='ocrx_word' id='word_1_366' title='bbox 1695 1370 1753 1424; x_wconf 76' lang='lat' dir='ltr'>erga</span> <span class='ocrx_word' id='word_1_367' title='bbox 1771 1359 1893 1414; x_wconf 85' lang='lat' dir='ltr'>obstetri-</span> 
     </span>
     <span class='ocr_line' id='line_1_40' title="bbox 1069 1427 1891 1511; baseline 0.026 -33"><span class='ocrx_word' id='word_1_368' title='bbox 1069 1443 1126 1481; x_wconf 89' lang='lat' dir='ltr'>cem</span> <span class='ocrx_word' id='word_1_369' title='bbox 1144 1429 1251 1497; x_wconf 77' lang='lat' dir='ltr'>grurida</span> <span class='ocrx_word' id='word_1_370' title='bbox 1271 1427 1388 1484; x_wconf 86' lang='lat' dir='ltr'>foemina</span> <span class='ocrx_word' id='word_1_371' title='bbox 1406 1433 1438 1484; x_wconf 87' lang='lat' dir='ltr'>ad</span> <span class='ocrx_word' id='word_1_372' title='bbox 1452 1437 1545 1488; x_wconf 87' lang='lat' dir='ltr'>secreti</span> <span class='ocrx_word' id='word_1_373' title='bbox 1558 1436 1751 1492; x_wconf 86' lang='lat' dir='ltr'>confessionem</span> <span class='ocrx_word' id='word_1_374' title='bbox 1764 1441 1891 1511; x_wconf 68' lang='lat' dir='ltr'>adipitrrrs</span> 
     </span>
     <span class='ocr_line' id='line_1_41' title="bbox 1072 1513 1891 1592; baseline 0.028 -30"><span class='ocrx_word' id='word_1_375' title='bbox 1072 1513 1129 1563; x_wconf 93' lang='lat' dir='ltr'>lmo</span> <span class='ocrx_word' id='word_1_376' title='bbox 1146 1524 1174 1566; x_wconf 88' lang='lat' dir='ltr'>et</span> <span class='ocrx_word' id='word_1_377' title='bbox 1191 1513 1247 1583; x_wconf 86' lang='lat' dir='ltr'>ipss</span> <span class='ocrx_word' id='word_1_378' title='bbox 1266 1514 1400 1569; x_wconf 71' lang='lat' dir='ltr'>obstetrix</span> <span class='ocrx_word' id='word_1_379' title='bbox 1415 1517 1441 1568; x_wconf 89' lang='lat' dir='ltr'>iu</span> <span class='ocrx_word' id='word_1_380' title='bbox 1458 1521 1516 1586; x_wconf 81' lang='lat' dir='ltr'>jure</span> <span class='ocrx_word' id='word_1_381' title='bbox 1528 1531 1619 1574; x_wconf 91' lang='lat' dir='ltr'>nostro</span> <span class='ocrx_word' id='word_1_382' title='bbox 1633 1524 1822 1592; x_wconf 68' lang='lat' dir='ltr'>quadamtenus</span> <span class='ocrx_word' id='word_1_383' title='bbox 1836 1545 1891 1584; x_wconf 88' lang='lat' dir='ltr'>rue·</span> 
     </span>
     <span class='ocr_line' id='line_1_42' title="bbox 1071 1594 1892 1674; baseline 0.028 -28"><span class='ocrx_word' id='word_1_384' title='bbox 1071 1594 1188 1650; x_wconf 81' lang='lat' dir='ltr'>dicimur</span> <span class='ocrx_word' id='word_1_385' title='bbox 1208 1597 1335 1652; x_wconf 82' lang='lat' dir='ltr'>exhibere</span> <span class='ocrx_word' id='word_1_386' title='bbox 1353 1599 1461 1655; x_wconf 88' lang='lat' dir='ltr'>dicitur.</span> <span class='ocrx_word' id='word_1_387' title='bbox 1488 1603 1506 1654; x_wconf 80' lang='lat' dir='ltr'>l.</span> <span class='ocrx_word' id='word_1_388' title='bbox 1536 1615 1559 1657; x_wconf 93' lang='lat' dir='ltr'>t.</span> <span class='ocrx_word' id='word_1_389' title='bbox 1581 1607 1607 1670; x_wconf 84' lang='lat'>§.</span> <span class='ocrx_word' id='word_1_390' title='bbox 1630 1616 1653 1657; x_wconf 86' lang='lat' dir='ltr'>t.</span> <span class='ocrx_word' id='word_1_391' title='bbox 1677 1603 1709 1674; x_wconf 71' lang='lat' dir='ltr'><em>ffi</em></span> <span class='ocrx_word' id='word_1_392' title='bbox 1735 1611 1768 1663; x_wconf 84' lang='lat' dir='ltr'>de</span> <span class='ocrx_word' id='word_1_393' title='bbox 1788 1625 1845 1665; x_wconf 81' lang='lat' dir='ltr'>cur.</span> <span class='ocrx_word' id='word_1_394' title='bbox 1864 1627 1892 1668; x_wconf 86' lang='lat' dir='ltr'>et</span> 
     </span>
     <span class='ocr_line' id='line_1_43' title="bbox 1070 1678 1892 1767; baseline 0.028 -37"><span class='ocrx_word' id='word_1_395' title='bbox 1070 1678 1211 1733; x_wconf 72' lang='lat' dir='ltr'>entraord·</span> <span class='ocrx_word' id='word_1_396' title='bbox 1230 1681 1329 1750; x_wconf 70' lang='lat' dir='ltr'>cogerit.</span> <span class='ocrx_word' id='word_1_397' title='bbox 1350 1694 1379 1736; x_wconf 93' lang='lat' dir='ltr'>ut</span> <span class='ocrx_word' id='word_1_398' title='bbox 1398 1686 1437 1738; x_wconf 91' lang='lat' dir='ltr'>sic</span> <span class='ocrx_word' id='word_1_399' title='bbox 1458 1684 1493 1740; x_wconf 87' lang='lat' dir='ltr'>ob</span> <span class='ocrx_word' id='word_1_400' title='bbox 1516 1705 1593 1755; x_wconf 86' lang='lat' dir='ltr'>quam</span> <span class='ocrx_word' id='word_1_401' title='bbox 1614 1706 1719 1744; x_wconf 81' lang='lat' dir='ltr'>causant</span> <span class='ocrx_word' id='word_1_402' title='bbox 1736 1713 1815 1765; x_wconf 90' lang='lat' dir='ltr'>opem</span> <span class='ocrx_word' id='word_1_403' title='bbox 1833 1701 1892 1767; x_wconf 76' lang='lat' dir='ltr'>eins</span> 
     </span>
     <span class='ocr_line' id='line_1_44' title="bbox 1072 1760 1891 1850; baseline 0.032 -41"><span class='ocrx_word' id='word_1_404' title='bbox 1072 1760 1255 1829; x_wconf 73' lang='lat' dir='ltr'>imploraverit</span> <span class='ocrx_word' id='word_1_405' title='bbox 1273 1763 1388 1848; x_wconf 81' lang='lat' dir='ltr'>foemina</span> <span class='ocrx_word' id='word_1_406' title='bbox 1395 1805 1405 1833; x_wconf 94' lang='lat'>,</span> <span class='ocrx_word' id='word_1_407' title='bbox 1424 1771 1534 1822; x_wconf 80' lang='lat' dir='ltr'>reticere</span> <span class='ocrx_word' id='word_1_408' title='bbox 1558 1771 1662 1824; x_wconf 86' lang='lat' dir='ltr'>debeat.</span> <span class='ocrx_word' id='word_1_409' title='bbox 1690 1777 1748 1828; x_wconf 71' lang='lat' dir='ltr'>utic</span> <span class='ocrx_word' id='word_1_410' title='bbox 1766 1785 1891 1850; x_wconf 76' lang='lat' dir='ltr'>exemplo</span> 
     </span>
     <span class='ocr_line' id='line_1_45' title="bbox 1070 1843 1888 1926; baseline 0.029 -30"><span class='ocrx_word' id='word_1_411' title='bbox 1070 1843 1118 1896; x_wconf 84' lang='lat' dir='ltr'>boc</span> <span class='ocrx_word' id='word_1_412' title='bbox 1136 1845 1251 1902; x_wconf 84' lang='lat' dir='ltr'>declarat</span> <span class='ocrx_word' id='word_1_413' title='bbox 1270 1853 1343 1905; x_wconf 83' lang='lat' dir='ltr'>Pctr.</span> <span class='ocrx_word' id='word_1_414' title='bbox 1363 1851 1427 1905; x_wconf 75' lang='lat' dir='ltr'>dut.</span> <span class='ocrx_word' id='word_1_415' title='bbox 1445 1854 1533 1906; x_wconf 81' lang='lat' dir='ltr'>Luras.</span> <span class='ocrx_word' id='word_1_416' title='bbox 1544 1873 1646 1912; x_wconf 77' lang='lat' dir='ltr'>conon.</span> <span class='ocrx_word' id='word_1_417' title='bbox 1660 1877 1703 1926; x_wconf 76' lang='lat' dir='ltr'>qq.</span> <span class='ocrx_word' id='word_1_418' title='bbox 1716 1862 1750 1914; x_wconf 87' lang='lat' dir='ltr'>de</span> <span class='ocrx_word' id='word_1_419' title='bbox 1763 1865 1888 1921; x_wconf 80' lang='lat' dir='ltr'>monitor.</span> 
     </span>
     <span class='ocr_line' id='line_1_46' title="bbox 1069 1936 1890 2018; baseline 0.03 -40"><span class='ocrx_word' id='word_1_420' title='bbox 1069 1937 1132 1980; x_wconf 75' lang='lat' dir='ltr'>sect,</span> <span class='ocrx_word' id='word_1_421' title='bbox 1153 1941 1177 1980; x_wconf 82' lang='lat' dir='ltr'>t.</span> <span class='ocrx_word' id='word_1_422' title='bbox 1196 1949 1239 2000; x_wconf 79' lang='lat' dir='ltr'>qu.</span> <span class='ocrx_word' id='word_1_423' title='bbox 1255 1947 1296 1986; x_wconf 87' lang='lat' dir='ltr'>ts.</span> <span class='ocrx_word' id='word_1_424' title='bbox 1314 1953 1341 1988; x_wconf 87' lang='lat' dir='ltr'>u.</span> <span class='ocrx_word' id='word_1_425' title='bbox 1361 1947 1383 1990; x_wconf 81' lang='lat' dir='ltr'>s.</span> <span class='ocrx_word' id='word_1_426' title='bbox 1400 1936 1429 1990; x_wconf 81' lang='lat' dir='ltr'>Sl</span> <span class='ocrx_word' id='word_1_427' title='bbox 1444 1939 1527 2007; x_wconf 81' lang='lat' dir='ltr'>puella</span> <span class='ocrx_word' id='word_1_428' title='bbox 1540 1955 1573 1990; x_wconf 92' lang='lat' dir='ltr'>ex</span> <span class='ocrx_word' id='word_1_429' title='bbox 1587 1938 1763 1999; x_wconf 75' lang='lat' dir='ltr'>fornicatione</span> <span class='ocrx_word' id='word_1_430' title='bbox 1776 1949 1890 2018; x_wconf 83' lang='lat' dir='ltr'>imprae-</span> 
     </span>
     <span class='ocr_line' id='line_1_47' title="bbox 1067 2017 1890 2097; baseline 0.029 -34"><span class='ocrx_word' id='word_1_431' title='bbox 1067 2025 1143 2078; x_wconf 76' lang='lat' dir='ltr'>gnsta</span> <span class='ocrx_word' id='word_1_432' title='bbox 1161 2017 1276 2068; x_wconf 84' lang='lat' dir='ltr'>rerelsre</span> <span class='ocrx_word' id='word_1_433' title='bbox 1298 2018 1349 2070; x_wconf 89' lang='lat' dir='ltr'>boc</span> <span class='ocrx_word' id='word_1_434' title='bbox 1365 2020 1499 2073; x_wconf 84' lang='lat' dir='ltr'>obstetrici</span> <span class='ocrx_word' id='word_1_435' title='bbox 1519 2040 1611 2076; x_wconf 70' lang='lat' dir='ltr'>moure</span> <span class='ocrx_word' id='word_1_436' title='bbox 1636 2043 1690 2077; x_wconf 91' lang='lat' dir='ltr'>uon</span> <span class='ocrx_word' id='word_1_437' title='bbox 1714 2041 1816 2097; x_wconf 82' lang='lat' dir='ltr'>posset,</span> <span class='ocrx_word' id='word_1_438' title='bbox 1842 2035 1890 2086; x_wconf 87' lang='lat' dir='ltr'>sed</span> 
     </span>
     <span class='ocr_line' id='line_1_48' title="bbox 1067 2093 1889 2177; baseline 0.028 -32"><span class='ocrx_word' id='word_1_439' title='bbox 1067 2093 1101 2146; x_wconf 84' lang='lat' dir='ltr'>de</span> <span class='ocrx_word' id='word_1_440' title='bbox 1118 2095 1230 2151; x_wconf 88' lang='lat' dir='ltr'>silentio</span> <span class='ocrx_word' id='word_1_441' title='bbox 1245 2101 1400 2155; x_wconf 83' lang='lat' dir='ltr'>obstetricis</span> <span class='ocrx_word' id='word_1_442' title='bbox 1409 2103 1555 2168; x_wconf 80' lang='lat' dir='ltr'>dubitaret,</span> <span class='ocrx_word' id='word_1_443' title='bbox 1568 2107 1661 2177; x_wconf 88' lang='lat' dir='ltr'>potius</span> <span class='ocrx_word' id='word_1_444' title='bbox 1675 2110 1824 2167; x_wconf 85' lang='lat' dir='ltr'>solitarium</span> <span class='ocrx_word' id='word_1_445' title='bbox 1838 2119 1889 2170; x_wconf 87' lang='lat' dir='ltr'>eli·</span> 
     </span>
     <span class='ocr_line' id='line_1_49' title="bbox 1066 2189 1892 2263; baseline 0.027 -32"><span class='ocrx_word' id='word_1_446' title='bbox 1066 2189 1137 2245; x_wconf 69' lang='lat' dir='ltr'>geret</span> <span class='ocrx_word' id='word_1_447' title='bbox 1154 2191 1274 2250; x_wconf 85' lang='lat' dir='ltr'>parturn,</span> <span class='ocrx_word' id='word_1_448' title='bbox 1296 2202 1375 2254; x_wconf 82' lang='lat' dir='ltr'>quatu</span> <span class='ocrx_word' id='word_1_449' title='bbox 1399 2203 1479 2257; x_wconf 89' lang='lat' dir='ltr'>opetn</span> <span class='ocrx_word' id='word_1_450' title='bbox 1501 2189 1655 2244; x_wconf 84' lang='lat' dir='ltr'>obstetricis</span> <span class='ocrx_word' id='word_1_451' title='bbox 1675 2192 1847 2263; x_wconf 86' lang='lat' dir='ltr'>imploraret,</span> <span class='ocrx_word' id='word_1_452' title='bbox 1865 2213 1892 2257; x_wconf 88' lang='lat' dir='ltr'>et</span> 
     </span>
     <span class='ocr_line' id='line_1_50' title="bbox 1066 2263 1888 2350; baseline 0.029 -36"><span class='ocrx_word' id='word_1_453' title='bbox 1066 2263 1104 2316; x_wconf 86' lang='lat' dir='ltr'>ita</span> <span class='ocrx_word' id='word_1_454' title='bbox 1123 2266 1169 2317; x_wconf 90' lang='lat' dir='ltr'>rel</span> <span class='ocrx_word' id='word_1_455' title='bbox 1185 2265 1254 2320; x_wconf 88' lang='lat' dir='ltr'>uitae</span> <span class='ocrx_word' id='word_1_456' title='bbox 1271 2268 1391 2337; x_wconf 87' lang='lat' dir='ltr'>periculo</span> <span class='ocrx_word' id='word_1_457' title='bbox 1409 2271 1522 2341; x_wconf 84' lang='lat' dir='ltr'>seipsam</span> <span class='ocrx_word' id='word_1_458' title='bbox 1548 2273 1710 2342; x_wconf 73' lang='lat' dir='ltr'>subiiceret,</span> <span class='ocrx_word' id='word_1_459' title='bbox 1729 2281 1768 2331; x_wconf 89' lang='lat' dir='ltr'>rel</span> <span class='ocrx_word' id='word_1_460' title='bbox 1787 2284 1888 2350; x_wconf 85' lang='lat' dir='ltr'>prolem</span> 
     </span>
     <span class='ocr_line' id='line_1_51' title="bbox 1067 2346 1886 2432; baseline 0.023 -30"><span class='ocrx_word' id='word_1_461' title='bbox 1067 2346 1219 2414; x_wconf 76' lang='lat' dir='ltr'>suffocaretr</span> <span class='ocrx_word' id='word_1_462' title='bbox 1239 2351 1345 2406; x_wconf 83' lang='lat' dir='ltr'>Suarer..</span> <span class='ocrx_word' id='word_1_463' title='bbox 1367 2363 1433 2406; x_wconf 87' lang='lat' dir='ltr'>torrt.</span> <span class='ocrx_word' id='word_1_464' title='bbox 1454 2367 1477 2408; x_wconf 79' lang='lat' dir='ltr'>t.</span> <span class='ocrx_word' id='word_1_465' title='bbox 1494 2355 1562 2425; x_wconf 67' lang='lat' dir='ltr'>disp</span> <span class='ocrx_word' id='word_1_466' title='bbox 1584 2367 1626 2411; x_wconf 79' lang='lat' dir='ltr'>tc·</span> <span class='ocrx_word' id='word_1_467' title='bbox 1651 2376 1678 2408; x_wconf 89' lang='lat' dir='ltr'>rr.</span> <span class='ocrx_word' id='word_1_468' title='bbox 1700 2372 1742 2412; x_wconf 92' lang='lat' dir='ltr'>tt.</span> <span class='ocrx_word' id='word_1_469' title='bbox 1768 2364 1886 2432; x_wconf 83' lang='lat' dir='ltr'>Quodsi</span> 
     </span>
     <span class='ocr_line' id='line_1_52' title="bbox 1066 2434 1890 2520; baseline 0.013 -37"><span class='ocrx_word' id='word_1_470' title='bbox 1066 2441 1156 2485; x_wconf 87' lang='lat' dir='ltr'>tamen</span> <span class='ocrx_word' id='word_1_471' title='bbox 1174 2434 1214 2487; x_wconf 89' lang='lat' dir='ltr'>rel</span> <span class='ocrx_word' id='word_1_472' title='bbox 1232 2437 1460 2491; x_wconf 79' lang='lat' dir='ltr'>continuationem</span> <span class='ocrx_word' id='word_1_473' title='bbox 1471 2438 1564 2492; x_wconf 88' lang='lat' dir='ltr'>delicti</span> <span class='ocrx_word' id='word_1_474' title='bbox 1582 2441 1626 2492; x_wconf 82' lang='lat' dir='ltr'>rel</span> <span class='ocrx_word' id='word_1_475' title='bbox 1646 2442 1727 2495; x_wconf 87' lang='lat' dir='ltr'>ullum</span> <span class='ocrx_word' id='word_1_476' title='bbox 1741 2458 1831 2513; x_wconf 89' lang='lat' dir='ltr'>partus</span> <span class='ocrx_word' id='word_1_477' title='bbox 1844 2469 1890 2520; x_wconf 65' lang='lat' dir='ltr'>ps.</span> 
     </span>
     <span class='ocr_line' id='line_1_53' title="bbox 1066 2515 1891 2592; baseline 0.022 -24"><span class='ocrx_word' id='word_1_478' title='bbox 1066 2515 1180 2568; x_wconf 87' lang='lat' dir='ltr'>riculum</span> <span class='ocrx_word' id='word_1_479' title='bbox 1201 2527 1319 2571; x_wconf 87' lang='lat' dir='ltr'>metuere</span> <span class='ocrx_word' id='word_1_480' title='bbox 1339 2521 1423 2589; x_wconf 85' lang='lat' dir='ltr'>poerit</span> <span class='ocrx_word' id='word_1_481' title='bbox 1440 2523 1587 2592; x_wconf 75' lang='lat' dir='ltr'>obstetrix,</span> <span class='ocrx_word' id='word_1_482' title='bbox 1607 2533 1678 2578; x_wconf 87' lang='lat' dir='ltr'>tanta</span> <span class='ocrx_word' id='word_1_483' title='bbox 1698 2526 1804 2582; x_wconf 89' lang='lat' dir='ltr'>silentii</span> <span class='ocrx_word' id='word_1_484' title='bbox 1823 2535 1891 2586; x_wconf 88' lang='lat' dir='ltr'>reli·</span> 
     </span>
     <span class='ocr_line' id='line_1_54' title="bbox 1066 2598 1890 2684; baseline 0.016 -33"><span class='ocrx_word' id='word_1_485' title='bbox 1066 2598 1110 2667; x_wconf 77' lang='lat' dir='ltr'>glo</span> <span class='ocrx_word' id='word_1_486' title='bbox 1127 2615 1185 2653; x_wconf 81' lang='lat' dir='ltr'>esse</span> <span class='ocrx_word' id='word_1_487' title='bbox 1203 2619 1254 2654; x_wconf 91' lang='lat' dir='ltr'>uctt</span> <span class='ocrx_word' id='word_1_488' title='bbox 1273 2603 1366 2668; x_wconf 89' lang='lat' dir='ltr'>debet,</span> <span class='ocrx_word' id='word_1_489' title='bbox 1385 2615 1412 2660; x_wconf 89' lang='lat' dir='ltr'>ttl</span> <span class='ocrx_word' id='word_1_490' title='bbox 1428 2605 1600 2677; x_wconf 79' lang='lat' dir='ltr'>dettnqueudi</span> <span class='ocrx_word' id='word_1_491' title='bbox 1622 2610 1787 2666; x_wconf 84' lang='lat' dir='ltr'>occasionerrr</span> <span class='ocrx_word' id='word_1_492' title='bbox 1813 2634 1890 2684; x_wconf 82' lang='lat' dir='ltr'>prue-</span> 
     </span>
     <span class='ocr_line' id='line_1_55' title="bbox 1067 2683 1889 2761; baseline 0.023 -28"><span class='ocrx_word' id='word_1_493' title='bbox 1067 2693 1134 2736; x_wconf 87' lang='lat' dir='ltr'>stsre</span> <span class='ocrx_word' id='word_1_494' title='bbox 1154 2685 1243 2738; x_wconf 85' lang='lat' dir='ltr'>auleat.</span> <span class='ocrx_word' id='word_1_495' title='bbox 1264 2685 1303 2737; x_wconf 86' lang='lat' dir='ltr'>De</span> <span class='ocrx_word' id='word_1_496' title='bbox 1322 2683 1377 2739; x_wconf 86' lang='lat' dir='ltr'>lide</span> <span class='ocrx_word' id='word_1_497' title='bbox 1394 2688 1497 2742; x_wconf 90' lang='lat' dir='ltr'>silentii</span> <span class='ocrx_word' id='word_1_498' title='bbox 1515 2708 1592 2756; x_wconf 88' lang='lat' dir='ltr'>quam</span> <span class='ocrx_word' id='word_1_499' title='bbox 1611 2693 1778 2761; x_wconf 70' lang='lat' dir='ltr'>praestabant</span> <span class='ocrx_word' id='word_1_500' title='bbox 1800 2699 1889 2754; x_wconf 89' lang='lat' dir='ltr'>obste-</span> 
     </span>
     <span class='ocr_line' id='line_1_56' title="bbox 1067 2763 1889 2844; baseline 0.027 -28"><span class='ocrx_word' id='word_1_501' title='bbox 1067 2763 1145 2818; x_wconf 83' lang='lat' dir='ltr'>trices</span> <span class='ocrx_word' id='word_1_502' title='bbox 1163 2766 1327 2836; x_wconf 69' lang='lat' dir='ltr'>acpyptiauae</span> <span class='ocrx_word' id='word_1_503' title='bbox 1345 2787 1399 2820; x_wconf 90' lang='lat' dir='ltr'>non</span> <span class='ocrx_word' id='word_1_504' title='bbox 1423 2769 1557 2839; x_wconf 86' lang='lat' dir='ltr'>prodendo</span> <span class='ocrx_word' id='word_1_505' title='bbox 1581 2775 1758 2844; x_wconf 85' lang='lat' dir='ltr'>parturientes</span> <span class='ocrx_word' id='word_1_506' title='bbox 1774 2781 1889 2837; x_wconf 76' lang='lat' dir='ltr'>fudimu-</span> 
     </span>
     <span class='ocr_line' id='line_1_57' title="bbox 1067 2851 1888 2934; baseline 0.026 -34"><span class='ocrx_word' id='word_1_507' title='bbox 1067 2865 1125 2901; x_wconf 85' lang='lat' dir='ltr'>rum</span> <span class='ocrx_word' id='word_1_508' title='bbox 1145 2867 1257 2917; x_wconf 85' lang='lat' dir='ltr'>uxorcs,</span> <span class='ocrx_word' id='word_1_509' title='bbox 1277 2851 1379 2905; x_wconf 78' lang='lat' dir='ltr'>butan</span> <span class='ocrx_word' id='word_1_510' title='bbox 1398 2872 1442 2907; x_wconf 74' lang='lat' dir='ltr'>ex.</span> <span class='ocrx_word' id='word_1_511' title='bbox 1465 2867 1488 2907; x_wconf 88' lang='lat' dir='ltr'>t.</span> <span class='ocrx_word' id='word_1_512' title='bbox 1505 2873 1534 2908; x_wconf 84' lang='lat' dir='ltr'>v.</span> <span class='ocrx_word' id='word_1_513' title='bbox 1558 2869 1598 2909; x_wconf 76' lang='lat' dir='ltr'>tt.</span> <span class='ocrx_word' id='word_1_514' title='bbox 1616 2875 1689 2930; x_wconf 79' lang='lat' dir='ltr'>seqq.</span> <span class='ocrx_word' id='word_1_515' title='bbox 1716 2863 1743 2912; x_wconf 94' lang='lat' dir='ltr'>in</span> <span class='ocrx_word' id='word_1_516' title='bbox 1764 2882 1888 2934; x_wconf 77' lang='lat' dir='ltr'>praesens</span> 
     </span>
    </p>
   </div>
   <div class='ocr_carea' id='block_1_9' title="bbox 1927 704 1960 749">
    <p class='ocr_par' dir='ltr' id='par_1_11' title="bbox 1927 704 1960 749">
     <span class='ocr_line' id='line_1_58' title="bbox 1927 704 1960 749; baseline -0.091 0"><span class='ocrx_word' id='word_1_517' title='bbox 1927 704 1960 749; x_wconf 83' lang='lat' dir='ltr'>tt</span> 
     </span>
    </p>
   </div>
   <div class='ocr_carea' id='block_1_10' title="bbox 1927 1983 2003 2029">
    <p class='ocr_par' dir='ltr' id='par_1_12' title="bbox 1927 1983 2003 2029">
     <span class='ocr_line' id='line_1_59' title="bbox 1927 1983 2003 2029; baseline 0.066 -4"><span class='ocrx_word' id='word_1_518' title='bbox 1927 1983 2003 2029; x_wconf 70' lang='grc'>41·</span> 
     </span>
    </p>
   </div>
   <div class='ocr_carea' id='block_1_11' title="bbox 1066 2927 1948 3010">
    <p class='ocr_par' dir='ltr' id='par_1_13' title="bbox 1066 2927 1948 3010">
     <span class='ocr_line' id='line_1_60' title="bbox 1066 2927 1948 3010; baseline 0.034 -31"><span class='ocrx_word' id='word_1_519' title='bbox 1066 2927 1216 3000; x_wconf 78' lang='lat' dir='ltr'>disquirere</span> <span class='ocrx_word' id='word_1_520' title='bbox 1234 2951 1286 2986; x_wconf 89' lang='lat' dir='ltr'>nou</span> <span class='ocrx_word' id='word_1_521' title='bbox 1307 2943 1395 2999; x_wconf 81' lang='lat' dir='ltr'>sucat,</span> <span class='ocrx_word' id='word_1_522' title='bbox 1415 2935 1461 2990; x_wconf 86' lang='lat' dir='ltr'>sed</span> <span class='ocrx_word' id='word_1_523' title='bbox 1477 2937 1657 3010; x_wconf 80' lang='lat' dir='ltr'>theologorum</span> <span class='ocrx_word' id='word_1_524' title='bbox 1674 2945 1831 3002; x_wconf 89' lang='lat' dir='ltr'>discussioni</span> <span class='ocrx_word' id='word_1_525' title='bbox 1847 2969 1890 3007; x_wconf 86' lang='lat' dir='ltr'>re·</span> <span class='ocrx_word' id='word_1_526' title='bbox 1945 2976 1948 2984; x_wconf 93' lang='lat'>·</span> 
     </span>
    </p>
   </div>
   <div class='ocr_carea' id='block_1_12' title="bbox 1065 3011 1886 3094">
    <p class='ocr_par' dir='ltr' id='par_1_14' title="bbox 1065 3011 1886 3094">
     <span class='ocr_line' id='line_1_61' title="bbox 1065 3011 1886 3094; baseline 0.034 -32"><span class='ocrx_word' id='word_1_527' title='bbox 1065 3011 1179 3083; x_wconf 91' lang='lat' dir='ltr'>linquo,</span> <span class='ocrx_word' id='word_1_528' title='bbox 1198 3015 1232 3066; x_wconf 89' lang='lat' dir='ltr'>ab</span> <span class='ocrx_word' id='word_1_529' title='bbox 1251 3016 1286 3069; x_wconf 89' lang='lat' dir='ltr'>iis</span> <span class='ocrx_word' id='word_1_530' title='bbox 1306 3015 1403 3072; x_wconf 88' lang='lat' dir='ltr'>iterum</span> <span class='ocrx_word' id='word_1_531' title='bbox 1417 3022 1521 3075; x_wconf 88' lang='lat' dir='ltr'>reniam</span> <span class='ocrx_word' id='word_1_532' title='bbox 1535 3037 1693 3094; x_wconf 83' lang='lat' dir='ltr'>expectans,</span> <span class='ocrx_word' id='word_1_533' title='bbox 1706 3029 1730 3081; x_wconf 89' lang='lat' dir='ltr'>si</span> <span class='ocrx_word' id='word_1_534' title='bbox 1745 3033 1886 3089; x_wconf 88' lang='lat' dir='ltr'>ministro·</span> 
     </span>
    </p>
   </div>
   <div class='ocr_carea' id='block_1_13' title="bbox 191 3097 1884 3188">
    <p class='ocr_par' dir='ltr' id='par_1_15' title="bbox 191 3097 1884 3188">
     <span class='ocr_line' id='line_1_62' title="bbox 191 3097 1884 3188; baseline 0.019 -28"><span class='ocrx_word' id='word_1_535' title='bbox 191 3109 250 3161; x_wconf 82' lang='lat' dir='ltr'>dati</span> <span class='ocrx_word' id='word_1_536' title='bbox 270 3107 464 3179; x_wconf 86' lang='lat' dir='ltr'>experiundum</span> <span class='ocrx_word' id='word_1_537' title='bbox 481 3118 538 3161; x_wconf 92' lang='lat' dir='ltr'>erat</span> <span class='ocrx_word' id='word_1_538' title='bbox 555 3120 647 3160; x_wconf 89' lang='lat' dir='ltr'>contra</span> <span class='ocrx_word' id='word_1_539' title='bbox 667 3107 808 3171; x_wconf 84' lang='lat' dir='ltr'>clientem,</span> <span class='ocrx_word' id='word_1_540' title='bbox 829 3117 857 3160; x_wconf 89' lang='lat' dir='ltr'>et</span> <span class='ocrx_word' id='word_1_541' title='bbox 873 3108 907 3162; x_wconf 91' lang='lat' dir='ltr'>ab</span> <span class='ocrx_word' id='word_1_542' title='bbox 925 3126 955 3162; x_wconf 89' lang='lat' dir='ltr'>eo</span> <span class='ocrx_word' id='word_1_543' title='bbox 975 3110 1015 3164; x_wconf 92' lang='lat' dir='ltr'>in-</span> <span class='ocrx_word' id='word_1_544' title='bbox 1064 3112 1124 3150; x_wconf 60' lang='grc' dir='ltr'>ΝΜ</span> <span class='ocrx_word' id='word_1_545' title='bbox 1142 3097 1268 3154; x_wconf 53' lang='lat' dir='ltr'>“mlii&#39;‘</span> <span class='ocrx_word' id='word_1_546' title='bbox 1284 3119 1383 3156; x_wconf 58' lang='grc' dir='ltr'>ΜΨ</span> <span class='ocrx_word' id='word_1_547' title='bbox 1402 3105 1487 3176; x_wconf 75' lang='lat' dir='ltr'>‘le</span> <span class='ocrx_word' id='word_1_548' title='bbox 1505 3121 1603 3165; x_wconf 59' lang='lat' dir='ltr'>”cml</span> <span class='ocrx_word' id='word_1_549' title='bbox 1618 3115 1726 3185; x_wconf 55' lang='lat' dir='ltr'>‘edisti&#39;</span> <span class='ocrx_word' id='word_1_550' title='bbox 1740 3122 1832 3188; x_wconf 52' lang='grc' dir='ltr'>ΡΜ*</span> <span class='ocrx_word' id='word_1_551' title='bbox 1846 3132 1884 3176; x_wconf 65' lang='lat'>‘⁰&#39;</span> 
     </span>
    </p>
   </div>
   <div class='ocr_carea' id='block_1_14' title="bbox 111 3181 1990 5794">
    <p class='ocr_par' dir='ltr' id='par_1_16' title="bbox 188 3181 1888 4441">
     <span class='ocr_line' id='line_1_63' title="bbox 192 3181 1160 3268; baseline 0.005 -24"><span class='ocrx_word' id='word_1_552' title='bbox 192 3200 296 3246; x_wconf 84' lang='lat' dir='ltr'>teresse</span> <span class='ocrx_word' id='word_1_553' title='bbox 314 3193 474 3263; x_wconf 87' lang='lat' dir='ltr'>petendum,</span> <span class='ocrx_word' id='word_1_554' title='bbox 496 3191 551 3246; x_wconf 88' lang='lat' dir='ltr'>rid.</span> <span class='ocrx_word' id='word_1_555' title='bbox 569 3193 684 3245; x_wconf 80' lang='lat' dir='ltr'>Juhuuu.</span> <span class='ocrx_word' id='word_1_556' title='bbox 702 3191 854 3245; x_wconf 79' lang='lat' dir='ltr'>Gutierreu.</span> <span class='ocrx_word' id='word_1_557' title='bbox 870 3205 954 3262; x_wconf 83' lang='lat' dir='ltr'>proce.</span> <span class='ocrx_word' id='word_1_558' title='bbox 971 3216 1014 3268; x_wconf 78' lang='lat' dir='ltr'>pu.</span> <span class='ocrx_word' id='word_1_559' title='bbox 1066 3181 1160 3248; x_wconf 60' lang='lat' dir='ltr'>iiim·</span> 
     </span>
     <span class='ocr_line' id='line_1_64' title="bbox 191 3260 1888 3357; baseline 0.028 -64"><span class='ocrx_word' id='word_1_560' title='bbox 191 3277 240 3332; x_wconf 46' lang='grc' dir='ltr'>ω.</span> <span class='ocrx_word' id='word_1_561' title='bbox 263 3287 286 3328; x_wconf 43' lang='grc'>1.</span> <span class='ocrx_word' id='word_1_562' title='bbox 305 3297 351 3350; x_wconf 40' lang='grc' dir='ltr'>φα.</span> <span class='ocrx_word' id='word_1_563' title='bbox 371 3289 413 3331; x_wconf 45' lang='lat'>3⁰·</span> <span class='ocrx_word' id='word_1_564' title='bbox 432 3295 462 3328; x_wconf 47' lang='lat' dir='ltr'>n·</span> <span class='ocrx_word' id='word_1_565' title='bbox 484 3288 508 3329; x_wconf 41' lang='grc' dir='ltr'>,Ι</span> <span class='ocrx_word' id='word_1_566' title='bbox 528 3275 556 3330; x_wconf 78' lang='lat'>,·„</span> <span class='ocrx_word' id='word_1_567' title='bbox 566 3275 625 3346; x_wconf 45' lang='lat' dir='ltr'>fin·</span> <span class='ocrx_word' id='word_1_568' title='bbox 644 3275 680 3329; x_wconf 62' lang='lat' dir='ltr'>E,</span> <span class='ocrx_word' id='word_1_569' title='bbox 704 3277 824 3346; x_wconf 54' lang='lat' dir='ltr'>quamq,</span> <span class='ocrx_word' id='word_1_570' title='bbox 848 3275 944 3330; x_wconf 52' lang='grc' dir='ltr'>ΜΝ</span> <span class='ocrx_word' id='word_1_571' title='bbox 965 3282 1014 3345; x_wconf 46' lang='grc' dir='ltr'>,η’</span> <span class='ocrx_word' id='word_1_572' title='bbox 1103 3260 1260 3333; x_wconf 74' lang='lat' dir='ltr'>Progredior</span> <span class='ocrx_word' id='word_1_573' title='bbox 1278 3264 1367 3336; x_wconf 84' lang='lat' dir='ltr'>itaque</span> <span class='ocrx_word' id='word_1_574' title='bbox 1384 3267 1415 3320; x_wconf 88' lang='lat' dir='ltr'>sd</span> <span class='ocrx_word' id='word_1_575' title='bbox 1433 3273 1560 3330; x_wconf 76' lang='lat' dir='ltr'>ecclesius</span> <span class='ocrx_word' id='word_1_576' title='bbox 1578 3277 1733 3349; x_wconf 86' lang='lat' dir='ltr'>ministros,</span> <span class='ocrx_word' id='word_1_577' title='bbox 1752 3301 1888 3357; x_wconf 81' lang='lat' dir='ltr'>quousque</span> 
     </span>
     <span class='ocr_line' id='line_1_65' title="bbox 190 3347 1888 3438; baseline 0.025 -56"><span class='ocrx_word' id='word_1_578' title='bbox 190 3361 466 3416; x_wconf 54' lang='lat' dir='ltr'>&#39;mmmmm</span> <span class='ocrx_word' id='word_1_579' title='bbox 478 3360 1017 3421; x_wconf 44' lang='lat' dir='ltr'>wmmqmmqnwmmrqtnd,</span> <span class='ocrx_word' id='word_1_580' title='bbox 1066 3363 1109 3402; x_wconf 85' lang='lat' dir='ltr'>eos</span> <span class='ocrx_word' id='word_1_581' title='bbox 1128 3347 1241 3418; x_wconf 75' lang='lat' dir='ltr'>stringat</span> <span class='ocrx_word' id='word_1_582' title='bbox 1267 3349 1367 3404; x_wconf 84' lang='lat' dir='ltr'>sileurli</span> <span class='ocrx_word' id='word_1_583' title='bbox 1391 3357 1552 3426; x_wconf 74' lang='lat' dir='ltr'>incessitur,</span> <span class='ocrx_word' id='word_1_584' title='bbox 1579 3361 1699 3429; x_wconf 68' lang='lat' dir='ltr'>uisurum</span> <span class='ocrx_word' id='word_1_585' title='bbox 1720 3379 1826 3438; x_wconf 88' lang='lat' dir='ltr'>recepta</span> <span class='ocrx_word' id='word_1_586' title='bbox 1846 3389 1888 3425; x_wconf 91' lang='lat' dir='ltr'>ec·</span> 
     </span>
     <span class='ocr_line' id='line_1_66' title="bbox 188 3431 1887 3522; baseline 0.015 -24"><span class='ocrx_word' id='word_1_587' title='bbox 188 3456 277 3501; x_wconf 75' lang='lat' dir='ltr'>manen</span> <span class='ocrx_word' id='word_1_588' title='bbox 300 3441 442 3517; x_wconf 77' lang='lat' dir='ltr'>perfidiam</span> <span class='ocrx_word' id='word_1_589' title='bbox 461 3446 490 3497; x_wconf 90' lang='lat' dir='ltr'>in</span> <span class='ocrx_word' id='word_1_590' title='bbox 509 3444 652 3516; x_wconf 87' lang='lat' dir='ltr'>prodendis</span> <span class='ocrx_word' id='word_1_591' title='bbox 672 3444 782 3497; x_wconf 88' lang='lat' dir='ltr'>seeretis</span> <span class='ocrx_word' id='word_1_592' title='bbox 800 3444 1016 3498; x_wconf 87' lang='lat' dir='ltr'>excusareadro·</span> <span class='ocrx_word' id='word_1_593' title='bbox 1064 3431 1161 3484; x_wconf 58' lang='grc' dir='ltr'>’ΜΝ</span> <span class='ocrx_word' id='word_1_594' title='bbox 1177 3433 1340 3488; x_wconf 60' lang='lat' dir='ltr'>⁰⁰⁰⁸¹¹fli¹d⁰</span> <span class='ocrx_word' id='word_1_595' title='bbox 1364 3447 1416 3501; x_wconf 48' lang='grc' dir='ltr'>ω’</span> <span class='ocrx_word' id='word_1_596' title='bbox 1442 3448 1472 3493; x_wconf 69' lang='lat' dir='ltr'>”f</span> <span class='ocrx_word' id='word_1_597' title='bbox 1492 3453 1660 3510; x_wconf 59' lang='lat' dir='ltr'>Pffl⁰⁸¹⁰fflm</span> <span class='ocrx_word' id='word_1_598' title='bbox 1679 3467 1761 3504; x_wconf 65' lang='lat' dir='ltr'>⁰⁰⁶st</span> <span class='ocrx_word' id='word_1_599' title='bbox 1778 3457 1887 3522; x_wconf 60' lang='lat' dir='ltr'>limis</span> 
     </span>
     <span class='ocr_line' id='line_1_67' title="bbox 189 3517 1886 3599; baseline 0.005 -18"><span class='ocrx_word' id='word_1_600' title='bbox 189 3538 266 3582; x_wconf 86' lang='lat' dir='ltr'>catus</span> <span class='ocrx_word' id='word_1_601' title='bbox 285 3545 337 3580; x_wconf 92' lang='lat' dir='ltr'>non</span> <span class='ocrx_word' id='word_1_602' title='bbox 355 3528 464 3599; x_wconf 76' lang='lat' dir='ltr'>poterit3</span> <span class='ocrx_word' id='word_1_603' title='bbox 483 3543 531 3580; x_wconf 88' lang='lat' dir='ltr'>nec</span> <span class='ocrx_word' id='word_1_604' title='bbox 548 3527 740 3580; x_wconf 84' lang='lat' dir='ltr'>consulentiurn</span> <span class='ocrx_word' id='word_1_605' title='bbox 758 3545 831 3581; x_wconf 87' lang='lat' dir='ltr'>suam</span> <span class='ocrx_word' id='word_1_606' title='bbox 850 3527 885 3583; x_wconf 92' lang='lat' dir='ltr'>ita</span> <span class='ocrx_word' id='word_1_607' title='bbox 897 3527 958 3598; x_wconf 92' lang='lat' dir='ltr'>quis</span> <span class='ocrx_word' id='word_1_608' title='bbox 970 3547 1014 3581; x_wconf 89' lang='lat' dir='ltr'>se·</span> <span class='ocrx_word' id='word_1_609' title='bbox 1065 3525 1209 3569; x_wconf 83' lang='lat' dir='ltr'>exonerent</span> <span class='ocrx_word' id='word_1_610' title='bbox 1220 3517 1410 3572; x_wconf 85' lang='lat' dir='ltr'>conscientiam</span> <span class='ocrx_word' id='word_1_611' title='bbox 1423 3538 1496 3576; x_wconf 88' lang='lat' dir='ltr'>suam</span> <span class='ocrx_word' id='word_1_612' title='bbox 1510 3527 1579 3596; x_wconf 86' lang='lat' dir='ltr'>apud</span> <span class='ocrx_word' id='word_1_613' title='bbox 1593 3531 1719 3584; x_wconf 87' lang='lat' dir='ltr'>ecclesiae</span> <span class='ocrx_word' id='word_1_614' title='bbox 1731 3535 1886 3590; x_wconf 87' lang='lat' dir='ltr'>ministrum</span> 
     </span>
     <span class='ocr_line' id='line_1_68' title="bbox 190 3598 1886 3682; baseline 0.011 -14"><span class='ocrx_word' id='word_1_615' title='bbox 190 3630 280 3668; x_wconf 71' lang='lat' dir='ltr'>curam</span> <span class='ocrx_word' id='word_1_616' title='bbox 302 3611 410 3680; x_wconf 85' lang='lat' dir='ltr'>reddet,</span> <span class='ocrx_word' id='word_1_617' title='bbox 431 3611 453 3665; x_wconf 91' lang='lat' dir='ltr'>si</span> <span class='ocrx_word' id='word_1_618' title='bbox 474 3614 559 3665; x_wconf 87' lang='lat' dir='ltr'>scelus</span> <span class='ocrx_word' id='word_1_619' title='bbox 578 3611 676 3665; x_wconf 88' lang='lat' dir='ltr'>scelere</span> <span class='ocrx_word' id='word_1_620' title='bbox 694 3628 865 3682; x_wconf 80' lang='lat' dir='ltr'>compensum</span> <span class='ocrx_word' id='word_1_621' title='bbox 883 3612 1013 3664; x_wconf 85' lang='lat' dir='ltr'>intendat</span> <span class='ocrx_word' id='word_1_622' title='bbox 1063 3609 1091 3653; x_wconf 70' lang='lat'>⁶²</span> <span class='ocrx_word' id='word_1_623' title='bbox 1107 3598 1141 3653; x_wconf 68' lang='lat' dir='ltr'>*b</span> <span class='ocrx_word' id='word_1_624' title='bbox 1157 3619 1189 3653; x_wconf 73' lang='lat'>0⁰</span> <span class='ocrx_word' id='word_1_625' title='bbox 1207 3600 1330 3654; x_wconf 59' lang='lat' dir='ltr'>”hilum</span> <span class='ocrx_word' id='word_1_626' title='bbox 1357 3614 1492 3673; x_wconf 83' lang='lat' dir='ltr'>expetant.</span> <span class='ocrx_word' id='word_1_627' title='bbox 1510 3610 1594 3678; x_wconf 65' lang='lat' dir='ltr'>Qum</span> <span class='ocrx_word' id='word_1_628' title='bbox 1620 3613 1814 3671; x_wconf 69' lang='lat' dir='ltr'>⁰⁰¹¹s0⁸⁸l⁰f¹²¹¹¹</span> <span class='ocrx_word' id='word_1_629' title='bbox 1834 3637 1886 3672; x_wconf 74' lang='lat'>¹¹⁰⁰</span> 
     </span>
     <span class='ocr_line' id='line_1_69' title="bbox 194 3685 1886 3773; baseline 0.006 -27"><span class='ocrx_word' id='word_1_630' title='bbox 194 3697 308 3752; x_wconf 77' lang='lat' dir='ltr'>niceros</span> <span class='ocrx_word' id='word_1_631' title='bbox 326 3715 386 3751; x_wconf 86' lang='lat' dir='ltr'>reto</span> <span class='ocrx_word' id='word_1_632' title='bbox 420 3695 550 3765; x_wconf 77' lang='lat' dir='ltr'>frangenti</span> <span class='ocrx_word' id='word_1_633' title='bbox 571 3691 651 3748; x_wconf 76' lang='lat' dir='ltr'>fldem</span> <span class='ocrx_word' id='word_1_634' title='bbox 671 3690 893 3764; x_wconf 80' lang='lat' dir='ltr'>liderfrangatur</span> <span class='ocrx_word' id='word_1_635' title='bbox 912 3695 1016 3758; x_wconf 55' lang='lat' dir='ltr'>siden„-</span> <span class='ocrx_word' id='word_1_636' title='bbox 1066 3694 1199 3754; x_wconf 85' lang='lat' dir='ltr'>tamquam</span> <span class='ocrx_word' id='word_1_637' title='bbox 1216 3685 1335 3740; x_wconf 86' lang='lat' dir='ltr'>absolute</span> <span class='ocrx_word' id='word_1_638' title='bbox 1353 3689 1543 3759; x_wconf 85' lang='lat' dir='ltr'>necessariam,</span> <span class='ocrx_word' id='word_1_639' title='bbox 1562 3695 1606 3747; x_wconf 88' lang='lat' dir='ltr'>sed</span> <span class='ocrx_word' id='word_1_640' title='bbox 1626 3699 1719 3752; x_wconf 83' lang='lat' dir='ltr'>utilem</span> <span class='ocrx_word' id='word_1_641' title='bbox 1747 3711 1773 3753; x_wconf 90' lang='lat' dir='ltr'>et</span> <span class='ocrx_word' id='word_1_642' title='bbox 1793 3704 1886 3773; x_wconf 87' lang='lat' dir='ltr'>piam,</span> 
     </span>
     <span class='ocr_line' id='line_1_70' title="bbox 191 3767 1884 3852; baseline 0.009 -21"><span class='ocrx_word' id='word_1_643' title='bbox 191 3779 360 3852; x_wconf 84' lang='lat' dir='ltr'>respondeo,</span> <span class='ocrx_word' id='word_1_644' title='bbox 378 3781 402 3832; x_wconf 87' lang='lat' dir='ltr'>si</span> <span class='ocrx_word' id='word_1_645' title='bbox 420 3778 620 3832; x_wconf 85' lang='lat' dir='ltr'>admittendum</span> <span class='ocrx_word' id='word_1_646' title='bbox 638 3777 705 3831; x_wconf 91' lang='lat' dir='ltr'>illud</span> <span class='ocrx_word' id='word_1_647' title='bbox 725 3790 783 3844; x_wconf 87' lang='lat' dir='ltr'>est,</span> <span class='ocrx_word' id='word_1_648' title='bbox 796 3788 868 3832; x_wconf 88' lang='lat' dir='ltr'>certe</span> <span class='ocrx_word' id='word_1_649' title='bbox 879 3779 907 3831; x_wconf 94' lang='lat' dir='ltr'>in</span> <span class='ocrx_word' id='word_1_650' title='bbox 921 3779 1012 3832; x_wconf 87' lang='lat' dir='ltr'>eodem</span> <span class='ocrx_word' id='word_1_651' title='bbox 1064 3767 1172 3822; x_wconf 51' lang='lat' dir='ltr'>“²¹²⁸st</span> <span class='ocrx_word' id='word_1_652' title='bbox 1190 3767 1327 3823; x_wconf 58' lang='lat' dir='ltr'>lumem*</span> <span class='ocrx_word' id='word_1_653' title='bbox 1344 3773 1475 3838; x_wconf 85' lang='lat' dir='ltr'>retinuit,</span> <span class='ocrx_word' id='word_1_654' title='bbox 1500 3776 1553 3830; x_wconf 67' lang='lat' dir='ltr'>&#39;ffl-</span> <span class='ocrx_word' id='word_1_655' title='bbox 1581 3777 1674 3850; x_wconf 66' lang='lat' dir='ltr'>Cflfp2·</span> <span class='ocrx_word' id='word_1_656' title='bbox 1688 3783 1804 3852; x_wconf 66' lang='lat' dir='ltr'>J&#39;ut&#39;t&#39;lt’r·</span> <span class='ocrx_word' id='word_1_657' title='bbox 1822 3789 1884 3840; x_wconf 73' lang='lat'><em>000!-</em></span> 
     </span>
     <span class='ocr_line' id='line_1_71' title="bbox 190 3851 1886 3938; baseline 0.012 -21"><span class='ocrx_word' id='word_1_658' title='bbox 190 3865 332 3938; x_wconf 83' lang='lat' dir='ltr'>praecise,</span> <span class='ocrx_word' id='word_1_659' title='bbox 350 3865 379 3917; x_wconf 91' lang='lat' dir='ltr'>iu</span> <span class='ocrx_word' id='word_1_660' title='bbox 398 3881 450 3934; x_wconf 88' lang='lat' dir='ltr'>quo</span> <span class='ocrx_word' id='word_1_661' title='bbox 469 3865 536 3917; x_wconf 88' lang='lat' dir='ltr'>alter</span> <span class='ocrx_word' id='word_1_662' title='bbox 554 3859 634 3916; x_wconf 88' lang='lat' dir='ltr'>fidem</span> <span class='ocrx_word' id='word_1_663' title='bbox 649 3861 970 3926; x_wconf 86' lang='lat' dir='ltr'>riolat,cbtinelrit,non</span> <span class='ocrx_word' id='word_1_664' title='bbox 985 3864 1013 3915; x_wconf 90' lang='lat' dir='ltr'>iu</span> <span class='ocrx_word' id='word_1_665' title='bbox 1064 3851 1083 3904; x_wconf 71' lang='lat' dir='ltr'>l·</span> <span class='ocrx_word' id='word_1_666' title='bbox 1113 3862 1138 3903; x_wconf 80' lang='lat'>²·</span> <span class='ocrx_word' id='word_1_667' title='bbox 1162 3852 1189 3906; x_wconf 62' lang='lat' dir='ltr'>d·</span> <span class='ocrx_word' id='word_1_668' title='bbox 1217 3863 1275 3906; x_wconf 73' lang='lat'>²⁷⁵·</span> <span class='ocrx_word' id='word_1_669' title='bbox 1293 3853 1370 3909; x_wconf 69' lang='lat' dir='ltr'>⁰⁰¹¹f·</span> <span class='ocrx_word' id='word_1_670' title='bbox 1389 3859 1704 3930; x_wconf 59' lang='lat' dir='ltr'>“uim-⁶⁰ds055·“&#39;&#39;f·</span> <span class='ocrx_word' id='word_1_671' title='bbox 1726 3877 1766 3920; x_wconf 82' lang='lat'>¹¹·</span> <span class='ocrx_word' id='word_1_672' title='bbox 1785 3869 1815 3921; x_wconf 71' lang='lat' dir='ltr'>sl</span> <span class='ocrx_word' id='word_1_673' title='bbox 1835 3872 1886 3923; x_wconf 62' lang='lat'>5¹¹·</span> 
     </span>
     <span class='ocr_line' id='line_1_72' title="bbox 189 3937 1885 4020; baseline 0.023 -52"><span class='ocrx_word' id='word_1_674' title='bbox 189 3952 253 4005; x_wconf 38' lang='grc' dir='ltr'>,ἥθ’</span> <span class='ocrx_word' id='word_1_675' title='bbox 271 3949 341 4019; x_wconf 51' lang='lat' dir='ltr'>Ergo</span> <span class='ocrx_word' id='word_1_676' title='bbox 359 3949 405 4020; x_wconf 61' lang='lat' dir='ltr'>qui</span> <span class='ocrx_word' id='word_1_677' title='bbox 426 3950 565 4002; x_wconf 59' lang='lat' dir='ltr'>munem</span> <span class='ocrx_word' id='word_1_678' title='bbox 584 3945 1015 4019; x_wconf 60' lang='lat' dir='ltr'>p„,0,q„;01„0,11111.,2,1m.</span> <span class='ocrx_word' id='word_1_679' title='bbox 1064 3953 1116 4006; x_wconf 93' lang='lat' dir='ltr'>que</span> <span class='ocrx_word' id='word_1_680' title='bbox 1133 3937 1310 3993; x_wconf 82' lang='lat' dir='ltr'>conscientiae</span> <span class='ocrx_word' id='word_1_681' title='bbox 1334 3942 1453 3995; x_wconf 88' lang='lat' dir='ltr'>stimulis</span> <span class='ocrx_word' id='word_1_682' title='bbox 1475 3945 1596 4010; x_wconf 85' lang='lat' dir='ltr'>adactus,</span> <span class='ocrx_word' id='word_1_683' title='bbox 1619 3951 1734 4019; x_wconf 85' lang='lat' dir='ltr'>speciale</span> <span class='ocrx_word' id='word_1_684' title='bbox 1757 3953 1885 4008; x_wconf 90' lang='lat' dir='ltr'>delictum</span> 
     </span>
     <span class='ocr_line' id='line_1_73' title="bbox 190 4018 1886 4101; baseline 0.017 -39"><span class='ocrx_word' id='word_1_685' title='bbox 190 4035 303 4096; x_wconf 43' lang='grc' dir='ltr'>,ΝΜ</span> <span class='ocrx_word' id='word_1_686' title='bbox 322 4031 426 4087; x_wconf 60' lang='lat' dir='ltr'>eumq</span> <span class='ocrx_word' id='word_1_687' title='bbox 446 4033 475 4084; x_wconf 63' lang='lat' dir='ltr'>r„</span> <span class='ocrx_word' id='word_1_688' title='bbox 494 4041 623 4101; x_wconf 55' lang='lat' dir='ltr'>promptu</span> <span class='ocrx_word' id='word_1_689' title='bbox 641 4030 772 4092; x_wconf 61' lang='lat' dir='ltr'>hshsses,</span> <span class='ocrx_word' id='word_1_690' title='bbox 791 4026 1013 4099; x_wconf 80' lang='lat' dir='ltr'>suppeditandum</span> <span class='ocrx_word' id='word_1_691' title='bbox 1062 4018 1195 4089; x_wconf 87' lang='lat' dir='ltr'>quoddam</span> <span class='ocrx_word' id='word_1_692' title='bbox 1219 4025 1373 4092; x_wconf 79' lang='lat' dir='ltr'>exposueris</span> <span class='ocrx_word' id='word_1_693' title='bbox 1392 4027 1544 4092; x_wconf 86' lang='lat' dir='ltr'>sacerdoti,</span> <span class='ocrx_word' id='word_1_694' title='bbox 1568 4032 1680 4084; x_wconf 89' lang='lat' dir='ltr'>omniuo</span> <span class='ocrx_word' id='word_1_695' title='bbox 1704 4029 1784 4086; x_wconf 87' lang='lat' dir='ltr'>fidem</span> <span class='ocrx_word' id='word_1_696' title='bbox 1804 4036 1837 4090; x_wconf 88' lang='lat' dir='ltr'>ab</span> <span class='ocrx_word' id='word_1_697' title='bbox 1854 4055 1886 4090; x_wconf 90' lang='lat' dir='ltr'>ec</span> 
     </span>
     <span class='ocr_line' id='line_1_74' title="bbox 188 4105 1887 4190; baseline 0.001 -18"><span class='ocrx_word' id='word_1_698' title='bbox 188 4120 308 4190; x_wconf 82' lang='lat' dir='ltr'>amplius</span> <span class='ocrx_word' id='word_1_699' title='bbox 326 4135 380 4171; x_wconf 91' lang='lat' dir='ltr'>nnn</span> <span class='ocrx_word' id='word_1_700' title='bbox 399 4117 541 4186; x_wconf 74' lang='lat' dir='ltr'>obligarisr</span> <span class='ocrx_word' id='word_1_701' title='bbox 561 4114 608 4168; x_wconf 84' lang='lat' dir='ltr'>sed</span> <span class='ocrx_word' id='word_1_702' title='bbox 627 4113 705 4178; x_wconf 87' lang='lat' dir='ltr'>iude,</span> <span class='ocrx_word' id='word_1_703' title='bbox 724 4111 794 4184; x_wconf 85' lang='lat' dir='ltr'>quud</span> <span class='ocrx_word' id='word_1_704' title='bbox 812 4114 895 4167; x_wconf 86' lang='lat' dir='ltr'>etiam</span> <span class='ocrx_word' id='word_1_705' title='bbox 913 4122 1012 4164; x_wconf 83' lang='lat' dir='ltr'>secreta</span> <span class='ocrx_word' id='word_1_706' title='bbox 1067 4105 1144 4158; x_wconf 86' lang='lat' dir='ltr'>tacite</span> <span class='ocrx_word' id='word_1_707' title='bbox 1161 4105 1262 4172; x_wconf 82' lang='lat' dir='ltr'>exigis,</span> <span class='ocrx_word' id='word_1_708' title='bbox 1281 4114 1310 4159; x_wconf 89' lang='lat' dir='ltr'>ut</span> <span class='ocrx_word' id='word_1_709' title='bbox 1327 4106 1436 4160; x_wconf 89' lang='lat' dir='ltr'>silentio</span> <span class='ocrx_word' id='word_1_710' title='bbox 1453 4119 1521 4178; x_wconf 71' lang='lat' dir='ltr'>tegat</span> <span class='ocrx_word' id='word_1_711' title='bbox 1539 4113 1644 4178; x_wconf 83' lang='lat' dir='ltr'>omnis,</span> <span class='ocrx_word' id='word_1_712' title='bbox 1659 4132 1726 4183; x_wconf 89' lang='lat' dir='ltr'>quae</span> <span class='ocrx_word' id='word_1_713' title='bbox 1743 4116 1794 4188; x_wconf 89' lang='lat' dir='ltr'>ipsi</span> <span class='ocrx_word' id='word_1_714' title='bbox 1813 4137 1887 4172; x_wconf 83' lang='lat' dir='ltr'>conr·</span> 
     </span>
     <span class='ocr_line' id='line_1_75' title="bbox 190 4185 1885 4274; baseline 0.022 -56"><span class='ocrx_word' id='word_1_715' title='bbox 190 4205 250 4274; x_wconf 50' lang='lat' dir='ltr'>eim</span> <span class='ocrx_word' id='word_1_716' title='bbox 268 4203 421 4274; x_wconf 44' lang='lat' dir='ltr'>prowm,</span> <span class='ocrx_word' id='word_1_717' title='bbox 439 4201 518 4270; x_wconf 49' lang='lat' dir='ltr'>eique</span> <span class='ocrx_word' id='word_1_718' title='bbox 537 4199 663 4251; x_wconf 50' lang='lat' dir='ltr'><strong>damnum</strong></span> <span class='ocrx_word' id='word_1_719' title='bbox 683 4195 785 4250; x_wconf 47' lang='grc' dir='ltr'>ἥψω</span> <span class='ocrx_word' id='word_1_720' title='bbox 811 4195 895 4265; x_wconf 59' lang='lat' dir='ltr'>pout,</span> <span class='ocrx_word' id='word_1_721' title='bbox 908 4230 916 4258; x_wconf 67' lang='lat'>‚</span> <span class='ocrx_word' id='word_1_722' title='bbox 941 4195 1014 4247; x_wconf 64' lang='lat' dir='ltr'>„utto</span> <span class='ocrx_word' id='word_1_723' title='bbox 1065 4185 1187 4250; x_wconf 70' lang='lat' dir='ltr'>miseriss</span> <span class='ocrx_word' id='word_1_724' title='bbox 1207 4189 1275 4238; x_wconf 85' lang='lat' dir='ltr'>hauc</span> <span class='ocrx_word' id='word_1_725' title='bbox 1291 4187 1395 4241; x_wconf 91' lang='lat' dir='ltr'>silentii</span> <span class='ocrx_word' id='word_1_726' title='bbox 1413 4206 1473 4244; x_wconf 87' lang='lat' dir='ltr'>reru</span> <span class='ocrx_word' id='word_1_727' title='bbox 1492 4189 1574 4246; x_wconf 84' lang='lat' dir='ltr'>fidem</span> <span class='ocrx_word' id='word_1_728' title='bbox 1594 4195 1617 4246; x_wconf 92' lang='lat' dir='ltr'>si</span> <span class='ocrx_word' id='word_1_729' title='bbox 1637 4194 1762 4263; x_wconf 90' lang='lat' dir='ltr'>falleret,</span> <span class='ocrx_word' id='word_1_730' title='bbox 1779 4217 1810 4252; x_wconf 91' lang='lat' dir='ltr'>eo</span> <span class='ocrx_word' id='word_1_731' title='bbox 1829 4219 1885 4254; x_wconf 90' lang='lat' dir='ltr'>rua·</span> 
     </span>
     <span class='ocr_line' id='line_1_76' title="bbox 190 4269 1884 4353; baseline 0 -13"><span class='ocrx_word' id='word_1_732' title='bbox 190 4303 256 4341; x_wconf 85' lang='lat' dir='ltr'>sanc</span> <span class='ocrx_word' id='word_1_733' title='bbox 274 4284 416 4340; x_wconf 85' lang='lat' dir='ltr'>ratiocinio</span> <span class='ocrx_word' id='word_1_734' title='bbox 435 4283 527 4338; x_wconf 89' lang='lat' dir='ltr'>deduci</span> <span class='ocrx_word' id='word_1_735' title='bbox 548 4280 651 4353; x_wconf 88' lang='lat' dir='ltr'>poterit.</span> <span class='ocrx_word' id='word_1_736' title='bbox 670 4278 777 4334; x_wconf 81' lang='lat' dir='ltr'>Corrfes.</span> <span class='ocrx_word' id='word_1_737' title='bbox 797 4279 873 4332; x_wconf 83' lang='lat' dir='ltr'>illico</span> <span class='ocrx_word' id='word_1_738' title='bbox 888 4277 1013 4332; x_wconf 68' lang='lat' dir='ltr'>liminius</span> <span class='ocrx_word' id='word_1_739' title='bbox 1066 4269 1107 4335; x_wconf 84' lang='lat' dir='ltr'>ius</span> <span class='ocrx_word' id='word_1_740' title='bbox 1126 4269 1260 4340; x_wconf 88' lang='lat' dir='ltr'>piaculum</span> <span class='ocrx_word' id='word_1_741' title='bbox 1280 4269 1357 4339; x_wconf 88' lang='lat' dir='ltr'>foret,</span> <span class='ocrx_word' id='word_1_742' title='bbox 1381 4287 1477 4345; x_wconf 88' lang='lat' dir='ltr'>quanto</span> <span class='ocrx_word' id='word_1_743' title='bbox 1497 4279 1601 4348; x_wconf 89' lang='lat' dir='ltr'>turpius</span> <span class='ocrx_word' id='word_1_744' title='bbox 1619 4279 1723 4334; x_wconf 82' lang='lat' dir='ltr'>Christi</span> <span class='ocrx_word' id='word_1_745' title='bbox 1743 4285 1884 4352; x_wconf 89' lang='lat' dir='ltr'>ministro,</span> 
     </span>
     <span class='ocr_line' id='line_1_77' title="bbox 190 4349 1886 4441; baseline 0.002 -22"><span class='ocrx_word' id='word_1_746' title='bbox 190 4369 220 4424; x_wconf 84' lang='lat' dir='ltr'>r&#39;rr</span> <span class='ocrx_word' id='word_1_747' title='bbox 239 4384 360 4441; x_wconf 82' lang='lat' dir='ltr'>process.</span> <span class='ocrx_word' id='word_1_748' title='bbox 379 4367 450 4436; x_wconf 88' lang='lat' dir='ltr'>disp.</span> <span class='ocrx_word' id='word_1_749' title='bbox 480 4377 521 4418; x_wconf 90' lang='lat' dir='ltr'>tt.</span> <span class='ocrx_word' id='word_1_750' title='bbox 545 4365 584 4418; x_wconf 88' lang='lat' dir='ltr'>tlr.</span> <span class='ocrx_word' id='word_1_751' title='bbox 609 4374 632 4416; x_wconf 86' lang='lat' dir='ltr'>t.</span> <span class='ocrx_word' id='word_1_752' title='bbox 652 4381 680 4416; x_wconf 85' lang='lat' dir='ltr'>n.</span> <span class='ocrx_word' id='word_1_753' title='bbox 700 4371 742 4415; x_wconf 81' lang='lat' dir='ltr'>ss.</span> <span class='ocrx_word' id='word_1_754' title='bbox 761 4359 834 4430; x_wconf 85' lang='lat' dir='ltr'>Quid</span> <span class='ocrx_word' id='word_1_755' title='bbox 861 4375 923 4412; x_wconf 86' lang='lat' dir='ltr'>sero</span> <span class='ocrx_word' id='word_1_756' title='bbox 947 4359 1014 4430; x_wconf 85' lang='lat' dir='ltr'>juris</span> <span class='ocrx_word' id='word_1_757' title='bbox 1066 4349 1148 4406; x_wconf 81' lang='lat' dir='ltr'>fidem</span> <span class='ocrx_word' id='word_1_758' title='bbox 1168 4353 1256 4408; x_wconf 86' lang='lat' dir='ltr'>datam</span> <span class='ocrx_word' id='word_1_759' title='bbox 1279 4373 1334 4409; x_wconf 91' lang='lat' dir='ltr'>non</span> <span class='ocrx_word' id='word_1_760' title='bbox 1358 4373 1481 4412; x_wconf 83' lang='lat' dir='ltr'>serrare.</span> <span class='ocrx_word' id='word_1_761' title='bbox 1504 4360 1563 4430; x_wconf 85' lang='lat' dir='ltr'>Qus</span> <span class='ocrx_word' id='word_1_762' title='bbox 1588 4361 1621 4416; x_wconf 90' lang='lat' dir='ltr'>de</span> <span class='ocrx_word' id='word_1_763' title='bbox 1646 4381 1675 4416; x_wconf 95' lang='lat' dir='ltr'>re</span> <span class='ocrx_word' id='word_1_764' title='bbox 1701 4364 1768 4420; x_wconf 85' lang='lat' dir='ltr'>bene</span> <span class='ocrx_word' id='word_1_765' title='bbox 1794 4379 1886 4424; x_wconf 91' lang='lat' dir='ltr'>mouet</span> 
     </span>
    </p>

    <p class='ocr_par' dir='ltr' id='par_1_17' title="bbox 111 4431 1887 4854">
     <span class='ocr_line' id='line_1_78' title="bbox 111 4431 1887 4524; baseline 0.007 -18"><span class='ocrx_word' id='word_1_766' title='bbox 111 4431 113 4434; x_wconf 22' lang='grc' dir='ltr'>Ι</span> <span class='ocrx_word' id='word_1_767' title='bbox 192 4456 250 4523; x_wconf 91' lang='lat' dir='ltr'>sit,</span> <span class='ocrx_word' id='word_1_768' title='bbox 268 4455 370 4524; x_wconf 86' lang='lat' dir='ltr'>siquis</span> <span class='ocrx_word' id='word_1_769' title='bbox 388 4449 569 4504; x_wconf 76' lang='lat' dir='ltr'>fraudulenter</span> <span class='ocrx_word' id='word_1_770' title='bbox 588 4457 685 4502; x_wconf 86' lang='lat' dir='ltr'>secreta</span> <span class='ocrx_word' id='word_1_771' title='bbox 703 4462 749 4498; x_wconf 84' lang='lat' dir='ltr'>sua</span> <span class='ocrx_word' id='word_1_772' title='bbox 767 4443 890 4516; x_wconf 88' lang='lat' dir='ltr'>pluribus</span> <span class='ocrx_word' id='word_1_773' title='bbox 908 4442 1015 4498; x_wconf 86' lang='lat' dir='ltr'>adrcca·</span> <span class='ocrx_word' id='word_1_774' title='bbox 1066 4434 1189 4490; x_wconf 66' lang='lat' dir='ltr'>ffll‘lnlss·</span> <span class='ocrx_word' id='word_1_775' title='bbox 1209 4437 1243 4492; x_wconf 61' lang='grc' dir='ltr'>ὅθ</span> <span class='ocrx_word' id='word_1_776' title='bbox 1260 4439 1346 4492; x_wconf 66' lang='grc' dir='ltr'>Μῖῦ·</span> <span class='ocrx_word' id='word_1_777' title='bbox 1366 4457 1457 4496; x_wconf 65' lang='grc' dir='ltr'>ΝΜ·</span> <span class='ocrx_word' id='word_1_778' title='bbox 1482 4443 1501 4496; x_wconf 73' lang='lat' dir='ltr'>l·</span> <span class='ocrx_word' id='word_1_779' title='bbox 1527 4455 1551 4498; x_wconf 81' lang='lat'>⁴·</span> <span class='ocrx_word' id='word_1_780' title='bbox 1576 4463 1598 4499; x_wconf 78' lang='lat'>⁰·</span> <span class='ocrx_word' id='word_1_781' title='bbox 1626 4461 1667 4500; x_wconf 78' lang='lat'>¹⁰·</span> <span class='ocrx_word' id='word_1_782' title='bbox 1691 4465 1745 4504; x_wconf 64' lang='grc' dir='ltr'>Μ·</span> <span class='ocrx_word' id='word_1_783' title='bbox 1767 4461 1790 4504; x_wconf 81' lang='lat'>⁷·</span> <span class='ocrx_word' id='word_1_784' title='bbox 1808 4453 1887 4521; x_wconf 56' lang='lat'>0⁰⁰⁶</span> 
     </span>
     <span class='ocr_line' id='line_1_79' title="bbox 192 4522 1887 4605; baseline -0.002 -11"><span class='ocrx_word' id='word_1_785' title='bbox 192 4541 230 4594; x_wconf 90' lang='lat' dir='ltr'>tir</span> <span class='ocrx_word' id='word_1_786' title='bbox 248 4537 449 4601; x_wconf 86' lang='lat' dir='ltr'>communicet,</span> <span class='ocrx_word' id='word_1_787' title='bbox 468 4535 519 4588; x_wconf 89' lang='lat' dir='ltr'>lmo</span> <span class='ocrx_word' id='word_1_788' title='bbox 537 4530 607 4597; x_wconf 79' lang='lat' dir='ltr'>bue,</span> <span class='ocrx_word' id='word_1_789' title='bbox 627 4548 661 4584; x_wconf 94' lang='lat' dir='ltr'>ne</span> <span class='ocrx_word' id='word_1_790' title='bbox 677 4529 713 4583; x_wconf 88' lang='lat' dir='ltr'>ub</span> <span class='ocrx_word' id='word_1_791' title='bbox 725 4537 826 4582; x_wconf 85' lang='lat' dir='ltr'>secreta</span> <span class='ocrx_word' id='word_1_792' title='bbox 839 4526 890 4594; x_wconf 78' lang='lat' dir='ltr'>iuna</span> <span class='ocrx_word' id='word_1_793' title='bbox 904 4524 1016 4581; x_wconf 89' lang='lat' dir='ltr'>didicita</span> <span class='ocrx_word' id='word_1_794' title='bbox 1065 4539 1131 4590; x_wconf 87' lang='lat' dir='ltr'>quse</span> <span class='ocrx_word' id='word_1_795' title='bbox 1155 4522 1185 4576; x_wconf 90' lang='lat' dir='ltr'>in</span> <span class='ocrx_word' id='word_1_796' title='bbox 1213 4522 1382 4580; x_wconf 85' lang='lat' dir='ltr'>confessione</span> <span class='ocrx_word' id='word_1_797' title='bbox 1408 4527 1532 4582; x_wconf 84' lang='lat' dir='ltr'>ministm</span> <span class='ocrx_word' id='word_1_798' title='bbox 1557 4532 1683 4587; x_wconf 86' lang='lat' dir='ltr'>eeclesiae</span> <span class='ocrx_word' id='word_1_799' title='bbox 1699 4536 1774 4605; x_wconf 89' lang='lat' dir='ltr'>quasi</span> <span class='ocrx_word' id='word_1_800' title='bbox 1794 4537 1823 4590; x_wconf 91' lang='lat' dir='ltr'>iu</span> <span class='ocrx_word' id='word_1_801' title='bbox 1843 4557 1887 4590; x_wconf 89' lang='lat' dir='ltr'>au·</span> 
     </span>
     <span class='ocr_line' id='line_1_80' title="bbox 192 4607 1887 4690; baseline -0.001 -14"><span class='ocrx_word' id='word_1_802' title='bbox 192 4624 345 4678; x_wconf 88' lang='lat' dir='ltr'>sdrucsturn</span> <span class='ocrx_word' id='word_1_803' title='bbox 363 4629 537 4690; x_wconf 69' lang='lat' dir='ltr'>consequntur</span> <span class='ocrx_word' id='word_1_804' title='bbox 560 4613 743 4678; x_wconf 81' lang='lat' dir='ltr'>aduersarius,</span> <span class='ocrx_word' id='word_1_805' title='bbox 767 4613 802 4666; x_wconf 92' lang='lat' dir='ltr'>de</span> <span class='ocrx_word' id='word_1_806' title='bbox 824 4627 856 4666; x_wconf 87' lang='lat' dir='ltr'>eo</span> <span class='ocrx_word' id='word_1_807' title='bbox 882 4609 936 4664; x_wconf 90' lang='lat' dir='ltr'>rid.</span> <span class='ocrx_word' id='word_1_808' title='bbox 959 4609 1016 4664; x_wconf 86' lang='lat' dir='ltr'>Gu-</span> <span class='ocrx_word' id='word_1_809' title='bbox 1066 4625 1122 4662; x_wconf 91' lang='lat' dir='ltr'>rem</span> <span class='ocrx_word' id='word_1_810' title='bbox 1142 4607 1284 4675; x_wconf 87' lang='lat' dir='ltr'>dicuntur,</span> <span class='ocrx_word' id='word_1_811' title='bbox 1303 4609 1390 4665; x_wconf 87' lang='lat' dir='ltr'>instar</span> <span class='ocrx_word' id='word_1_812' title='bbox 1406 4615 1572 4668; x_wconf 86' lang='lat' dir='ltr'>arcanisainri</span> <span class='ocrx_word' id='word_1_813' title='bbox 1592 4615 1709 4688; x_wconf 86' lang='lat' dir='ltr'>depositi</span> <span class='ocrx_word' id='word_1_814' title='bbox 1721 4622 1776 4676; x_wconf 90' lang='lat' dir='ltr'>siut</span> <span class='ocrx_word' id='word_1_815' title='bbox 1790 4622 1887 4675; x_wconf 89' lang='lat' dir='ltr'>baben·</span> 
     </span>
     <span class='ocr_line' id='line_1_81' title="bbox 194 4683 1886 4778; baseline 0.009 -35"><span class='ocrx_word' id='word_1_816' title='bbox 194 4683 303 4762; x_wconf 58' lang='lat' dir='ltr'>prem,</span> <span class='ocrx_word' id='word_1_817' title='bbox 321 4707 347 4760; x_wconf 66' lang='grc' dir='ltr'>ᾰ,</span> <span class='ocrx_word' id='word_1_818' title='bbox 364 4727 409 4778; x_wconf 60' lang='lat' dir='ltr'>w,</span> <span class='ocrx_word' id='word_1_819' title='bbox 424 4719 467 4760; x_wconf 74' lang='lat' dir='ltr'>ss.</span> <span class='ocrx_word' id='word_1_820' title='bbox 491 4705 560 4757; x_wconf 82' lang='lat' dir='ltr'>saue</span> <span class='ocrx_word' id='word_1_821' title='bbox 577 4700 667 4755; x_wconf 84' lang='lat' dir='ltr'>dolosa</span> <span class='ocrx_word' id='word_1_822' title='bbox 684 4705 843 4751; x_wconf 87' lang='lat' dir='ltr'>secretorum</span> <span class='ocrx_word' id='word_1_823' title='bbox 861 4694 1015 4752; x_wconf 85' lang='lat' dir='ltr'>commissio</span> <span class='ocrx_word' id='word_1_824' title='bbox 1063 4692 1113 4758; x_wconf 83' lang='lat' dir='ltr'>da,</span> <span class='ocrx_word' id='word_1_825' title='bbox 1132 4693 1195 4763; x_wconf 89' lang='lat' dir='ltr'>qnia</span> <span class='ocrx_word' id='word_1_826' title='bbox 1212 4691 1345 4748; x_wconf 88' lang='lat' dir='ltr'>confessio</span> <span class='ocrx_word' id='word_1_827' title='bbox 1363 4711 1416 4748; x_wconf 91' lang='lat' dir='ltr'>nou</span> <span class='ocrx_word' id='word_1_828' title='bbox 1443 4692 1477 4748; x_wconf 82' lang='lat' dir='ltr'>bt</span> <span class='ocrx_word' id='word_1_829' title='bbox 1502 4697 1621 4761; x_wconf 89' lang='lat' dir='ltr'>bomini,</span> <span class='ocrx_word' id='word_1_830' title='bbox 1641 4701 1687 4752; x_wconf 90' lang='lat' dir='ltr'>sed</span> <span class='ocrx_word' id='word_1_831' title='bbox 1709 4703 1780 4766; x_wconf 67' lang='lat' dir='ltr'>Deos</span> <span class='ocrx_word' id='word_1_832' title='bbox 1799 4721 1886 4773; x_wconf 89' lang='lat' dir='ltr'>neque</span> 
     </span>
     <span class='ocr_line' id='line_1_82' title="bbox 192 4775 1883 4854; baseline 0.001 -18"><span class='ocrx_word' id='word_1_833' title='bbox 192 4791 236 4849; x_wconf 67' lang='lat' dir='ltr'>sis</span> <span class='ocrx_word' id='word_1_834' title='bbox 254 4791 367 4846; x_wconf 66' lang='lat' dir='ltr'>validam</span> <span class='ocrx_word' id='word_1_835' title='bbox 386 4787 419 4841; x_wconf 87' lang='lat' dir='ltr'>ad</span> <span class='ocrx_word' id='word_1_836' title='bbox 438 4787 540 4842; x_wconf 89' lang='lat' dir='ltr'>silentii</span> <span class='ocrx_word' id='word_1_837' title='bbox 560 4782 641 4838; x_wconf 79' lang='lat' dir='ltr'>fidem</span> <span class='ocrx_word' id='word_1_838' title='bbox 662 4781 767 4836; x_wconf 86' lang='lat' dir='ltr'>iuducet</span> <span class='ocrx_word' id='word_1_839' title='bbox 781 4779 983 4848; x_wconf 72' lang='lat' dir='ltr'>obligationem.</span> <span class='ocrx_word' id='word_1_840' title='bbox 1064 4775 1217 4832; x_wconf 76' lang='lat' dir='ltr'>instituitur</span> <span class='ocrx_word' id='word_1_841' title='bbox 1241 4777 1272 4830; x_wconf 93' lang='lat' dir='ltr'>in</span> <span class='ocrx_word' id='word_1_842' title='bbox 1298 4789 1358 4832; x_wconf 87' lang='lat' dir='ltr'>actu</span> <span class='ocrx_word' id='word_1_843' title='bbox 1383 4777 1561 4833; x_wconf 87' lang='lat' dir='ltr'>confessionis</span> <span class='ocrx_word' id='word_1_844' title='bbox 1589 4782 1728 4852; x_wconf 88' lang='lat' dir='ltr'>inquisitio</span> <span class='ocrx_word' id='word_1_845' title='bbox 1745 4785 1883 4854; x_wconf 84' lang='lat' dir='ltr'>judicialis</span> 
     </span>
    </p>

    <p class='ocr_par' dir='ltr' id='par_1_18' title="bbox 192 4861 1887 5451">
     <span class='ocr_line' id='line_1_83' title="bbox 230 4861 1885 4938; baseline -0.002 -11"><span class='ocrx_word' id='word_1_846' title='bbox 230 4877 273 4930; x_wconf 79' lang='lat' dir='ltr'>lie</span> <span class='ocrx_word' id='word_1_847' title='bbox 292 4875 395 4929; x_wconf 89' lang='lat' dir='ltr'>medico</span> <span class='ocrx_word' id='word_1_848' title='bbox 412 4872 486 4926; x_wconf 89' lang='lat' dir='ltr'>idem</span> <span class='ocrx_word' id='word_1_849' title='bbox 499 4881 632 4934; x_wconf 88' lang='lat' dir='ltr'>asserunt,</span> <span class='ocrx_word' id='word_1_850' title='bbox 649 4866 795 4938; x_wconf 69' lang='lat' dir='ltr'>obligatum</span> <span class='ocrx_word' id='word_1_851' title='bbox 809 4866 895 4936; x_wconf 81' lang='lat' dir='ltr'>ipsum</span> <span class='ocrx_word' id='word_1_852' title='bbox 914 4881 972 4918; x_wconf 88' lang='lat' dir='ltr'>esse</span> <span class='ocrx_word' id='word_1_853' title='bbox 982 4862 1015 4917; x_wconf 91' lang='lat' dir='ltr'>ad</span> <span class='ocrx_word' id='word_1_854' title='bbox 1064 4873 1240 4928; x_wconf 73' lang='lat' dir='ltr'>srmuoruru,</span> <span class='ocrx_word' id='word_1_855' title='bbox 1265 4861 1312 4914; x_wconf 92' lang='lat' dir='ltr'>sed</span> <span class='ocrx_word' id='word_1_856' title='bbox 1337 4862 1510 4916; x_wconf 89' lang='lat' dir='ltr'>conscientiis</span> <span class='ocrx_word' id='word_1_857' title='bbox 1533 4867 1697 4932; x_wconf 86' lang='lat' dir='ltr'>consulitur,</span> <span class='ocrx_word' id='word_1_858' title='bbox 1721 4885 1789 4938; x_wconf 88' lang='lat' dir='ltr'>quae</span> <span class='ocrx_word' id='word_1_859' title='bbox 1814 4873 1885 4924; x_wconf 89' lang='lat' dir='ltr'>mole</span> 
     </span>
     <span class='ocr_line' id='line_1_84' title="bbox 193 4941 1886 5028; baseline 0.018 -54"><span class='ocrx_word' id='word_1_860' title='bbox 193 4961 332 5016; x_wconf 45' lang='lat' dir='ltr'><strong>,mutium</strong></span> <span class='ocrx_word' id='word_1_861' title='bbox 349 4968 456 5028; x_wconf 55' lang='lat' dir='ltr'>”mo</span> <span class='ocrx_word' id='word_1_862' title='bbox 474 4955 657 5027; x_wconf 46' lang='lat' dir='ltr'>praestandum</span> <span class='ocrx_word' id='word_1_863' title='bbox 677 4953 705 5007; x_wconf 65' lang='lat' dir='ltr'>qu</span> <span class='ocrx_word' id='word_1_864' title='bbox 726 4952 796 5018; x_wconf 67' lang='lat' dir='ltr'>qm,¹</span> <span class='ocrx_word' id='word_1_865' title='bbox 814 4967 881 5021; x_wconf 62' lang='lat' dir='ltr'>qu„</span> <span class='ocrx_word' id='word_1_866' title='bbox 898 4949 953 5020; x_wconf 61' lang='lat'>3921</span> <span class='ocrx_word' id='word_1_867' title='bbox 972 4967 1013 5004; x_wconf 59' lang='grc' dir='ltr'><strong>η.</strong></span> <span class='ocrx_word' id='word_1_868' title='bbox 1065 4954 1227 5012; x_wconf 85' lang='lat' dir='ltr'>peccatorum</span> <span class='ocrx_word' id='word_1_869' title='bbox 1252 4941 1420 4996; x_wconf 78' lang='lat' dir='ltr'>confessione</span> <span class='ocrx_word' id='word_1_870' title='bbox 1444 4961 1489 4997; x_wconf 86' lang='lat' dir='ltr'>suo</span> <span class='ocrx_word' id='word_1_871' title='bbox 1513 4963 1540 4998; x_wconf 90' lang='lat' dir='ltr'>se</span> <span class='ocrx_word' id='word_1_872' title='bbox 1566 4960 1727 5012; x_wconf 80' lang='lat' dir='ltr'>exonerant,</span> <span class='ocrx_word' id='word_1_873' title='bbox 1745 4963 1770 5006; x_wconf 88' lang='lat' dir='ltr'>et</span> <span class='ocrx_word' id='word_1_874' title='bbox 1788 4949 1886 5004; x_wconf 70' lang='lat' dir='ltr'>eflicit</span> 
     </span>
     <span class='ocr_line' id='line_1_85' title="bbox 193 5025 1887 5104; baseline -0.007 -4"><span class='ocrx_word' id='word_1_875' title='bbox 193 5057 267 5100; x_wconf 85' lang='lat' dir='ltr'>creto</span> <span class='ocrx_word' id='word_1_876' title='bbox 283 5043 432 5098; x_wconf 77' lang='lat' dir='ltr'>commissa.</span> <span class='ocrx_word' id='word_1_877' title='bbox 451 5041 519 5094; x_wconf 77' lang='lat' dir='ltr'>liam</span> <span class='ocrx_word' id='word_1_878' title='bbox 538 5049 564 5093; x_wconf 95' lang='lat' dir='ltr'>et</span> <span class='ocrx_word' id='word_1_879' title='bbox 582 5037 616 5092; x_wconf 86' lang='lat' dir='ltr'>de</span> <span class='ocrx_word' id='word_1_880' title='bbox 635 5035 738 5092; x_wconf 86' lang='lat' dir='ltr'>medico</span> <span class='ocrx_word' id='word_1_881' title='bbox 755 5036 878 5104; x_wconf 90' lang='lat' dir='ltr'>concepit</span> <span class='ocrx_word' id='word_1_882' title='bbox 890 5030 1014 5088; x_wconf 86' lang='lat' dir='ltr'>fiduciam</span> <span class='ocrx_word' id='word_1_883' title='bbox 1065 5027 1186 5080; x_wconf 87' lang='lat' dir='ltr'>solatium</span> <span class='ocrx_word' id='word_1_884' title='bbox 1204 5035 1342 5097; x_wconf 84' lang='lat' dir='ltr'>quaerunt.</span> <span class='ocrx_word' id='word_1_885' title='bbox 1356 5025 1442 5094; x_wconf 83' lang='lat' dir='ltr'>Quam</span> <span class='ocrx_word' id='word_1_886' title='bbox 1455 5027 1573 5081; x_wconf 86' lang='lat' dir='ltr'>camdem</span> <span class='ocrx_word' id='word_1_887' title='bbox 1587 5032 1811 5102; x_wconf 86' lang='lat' dir='ltr'>rationem,quod</span> <span class='ocrx_word' id='word_1_888' title='bbox 1822 5051 1887 5087; x_wconf 86' lang='lat' dir='ltr'>con-</span> 
     </span>
     <span class='ocr_line' id='line_1_86' title="bbox 193 5109 1885 5194; baseline -0.001 -21"><span class='ocrx_word' id='word_1_889' title='bbox 193 5129 290 5182; x_wconf 69' lang='lat' dir='ltr'>mosbc</span> <span class='ocrx_word' id='word_1_890' title='bbox 307 5128 443 5194; x_wconf 79' lang='lat' dir='ltr'>detentus,</span> <span class='ocrx_word' id='word_1_891' title='bbox 460 5117 524 5180; x_wconf 82' lang='lat' dir='ltr'>errru</span> <span class='ocrx_word' id='word_1_892' title='bbox 542 5140 575 5176; x_wconf 88' lang='lat' dir='ltr'>ex</span> <span class='ocrx_word' id='word_1_893' title='bbox 593 5119 648 5175; x_wconf 79' lang='lat' dir='ltr'>fide</span> <span class='ocrx_word' id='word_1_894' title='bbox 665 5121 758 5175; x_wconf 87' lang='lat' dir='ltr'>morbo</span> <span class='ocrx_word' id='word_1_895' title='bbox 770 5117 936 5190; x_wconf 74' lang='lat' dir='ltr'>profligando</span> <span class='ocrx_word' id='word_1_896' title='bbox 951 5135 1015 5188; x_wconf 91' lang='lat' dir='ltr'>ope·</span> <span class='ocrx_word' id='word_1_897' title='bbox 1068 5110 1238 5166; x_wconf 83' lang='lat' dir='ltr'>sessionarias</span> <span class='ocrx_word' id='word_1_898' title='bbox 1257 5109 1310 5163; x_wconf 92' lang='lat' dir='ltr'>sibi</span> <span class='ocrx_word' id='word_1_899' title='bbox 1329 5119 1432 5165; x_wconf 87' lang='lat' dir='ltr'>secreto</span> <span class='ocrx_word' id='word_1_900' title='bbox 1449 5113 1591 5168; x_wconf 86' lang='lat' dir='ltr'>conmissa</span> <span class='ocrx_word' id='word_1_901' title='bbox 1611 5131 1664 5169; x_wconf 90' lang='lat' dir='ltr'>non</span> <span class='ocrx_word' id='word_1_902' title='bbox 1683 5115 1749 5172; x_wconf 86' lang='lat' dir='ltr'>sciat</span> <span class='ocrx_word' id='word_1_903' title='bbox 1761 5126 1789 5170; x_wconf 94' lang='lat' dir='ltr'>ut</span> <span class='ocrx_word' id='word_1_904' title='bbox 1805 5117 1885 5172; x_wconf 87' lang='lat' dir='ltr'>boum</span> 
     </span>
     <span class='ocr_line' id='line_1_87' title="bbox 192 5193 1883 5283; baseline 0.007 -40"><span class='ocrx_word' id='word_1_905' title='bbox 192 5231 252 5269; x_wconf 70' lang='lat' dir='ltr'>„m</span> <span class='ocrx_word' id='word_1_906' title='bbox 271 5211 471 5283; x_wconf 59' lang='lat' dir='ltr'>{mmmmm</span> <span class='ocrx_word' id='word_1_907' title='bbox 488 5208 554 5261; x_wconf 64' lang='lat' dir='ltr'>hinc</span> <span class='ocrx_word' id='word_1_908' title='bbox 572 5203 693 5270; x_wconf 70' lang='lat' dir='ltr'>fideliter</span> <span class='ocrx_word' id='word_1_909' title='bbox 711 5204 763 5276; x_wconf 87' lang='lat' dir='ltr'>ipsi</span> <span class='ocrx_word' id='word_1_910' title='bbox 782 5219 886 5256; x_wconf 86' lang='lat' dir='ltr'>causam</span> <span class='ocrx_word' id='word_1_911' title='bbox 906 5200 1014 5265; x_wconf 90' lang='lat' dir='ltr'>rnorbi,</span> <span class='ocrx_word' id='word_1_912' title='bbox 1067 5195 1112 5248; x_wconf 84' lang='lat' dir='ltr'>sed</span> <span class='ocrx_word' id='word_1_913' title='bbox 1130 5203 1160 5248; x_wconf 91' lang='lat' dir='ltr'>ut</span> <span class='ocrx_word' id='word_1_914' title='bbox 1179 5195 1251 5248; x_wconf 85' lang='lat' dir='ltr'>Deus</span> <span class='ocrx_word' id='word_1_915' title='bbox 1267 5211 1304 5248; x_wconf 74' lang='lat' dir='ltr'>eu·</span> <span class='ocrx_word' id='word_1_916' title='bbox 1320 5213 1344 5250; x_wconf 89' lang='lat' dir='ltr'>c.</span> <span class='ocrx_word' id='word_1_917' title='bbox 1361 5193 1387 5250; x_wconf 87' lang='lat' dir='ltr'>si</span> <span class='ocrx_word' id='word_1_918' title='bbox 1402 5199 1531 5251; x_wconf 78' lang='lat' dir='ltr'>sacerdos</span> <span class='ocrx_word' id='word_1_919' title='bbox 1552 5209 1575 5250; x_wconf 83' lang='lat' dir='ltr'>t·</span> <span class='ocrx_word' id='word_1_920' title='bbox 1587 5215 1618 5251; x_wconf 74' lang='lat' dir='ltr'>re.</span> <span class='ocrx_word' id='word_1_921' title='bbox 1632 5199 1666 5254; x_wconf 84' lang='lat' dir='ltr'>de</span> <span class='ocrx_word' id='word_1_922' title='bbox 1689 5199 1810 5272; x_wconf 75' lang='lat' dir='ltr'>offijud.</span> <span class='ocrx_word' id='word_1_923' title='bbox 1824 5205 1883 5256; x_wconf 85' lang='lat' dir='ltr'>ord.</span> 
     </span>
     <span class='ocr_line' id='line_1_88' title="bbox 193 5275 1885 5368; baseline 0.006 -38"><span class='ocrx_word' id='word_1_924' title='bbox 193 5310 220 5352; x_wconf 57' lang='grc' dir='ltr'>,Ι</span> <span class='ocrx_word' id='word_1_925' title='bbox 237 5298 303 5368; x_wconf 63' lang='lat' dir='ltr'>qqu</span> <span class='ocrx_word' id='word_1_926' title='bbox 322 5298 351 5350; x_wconf 60' lang='grc' dir='ltr'>ῃ,</span> <span class='ocrx_word' id='word_1_927' title='bbox 369 5305 481 5350; x_wconf 59' lang='lat' dir='ltr'>,usum</span> <span class='ocrx_word' id='word_1_928' title='bbox 498 5295 567 5362; x_wconf 61' lang='lat' dir='ltr'>tegas</span> <span class='ocrx_word' id='word_1_929' title='bbox 584 5305 747 5363; x_wconf 80' lang='lat' dir='ltr'>quocumque</span> <span class='ocrx_word' id='word_1_930' title='bbox 773 5287 899 5340; x_wconf 89' lang='lat' dir='ltr'>riticrum</span> <span class='ocrx_word' id='word_1_931' title='bbox 921 5299 1017 5353; x_wconf 68' lang='lat' dir='ltr'>seuere</span> <span class='ocrx_word' id='word_1_932' title='bbox 1067 5284 1170 5344; x_wconf 72' lang='lat' dir='ltr'>urserat.</span> <span class='ocrx_word' id='word_1_933' title='bbox 1187 5275 1280 5347; x_wconf 76' lang='lat' dir='ltr'>Carpe.</span> <span class='ocrx_word' id='word_1_934' title='bbox 1293 5275 1408 5346; x_wconf 72' lang='lat' dir='ltr'>imispr.</span> <span class='ocrx_word' id='word_1_935' title='bbox 1420 5281 1513 5334; x_wconf 83' lang='lat' dir='ltr'>eccles.</span> <span class='ocrx_word' id='word_1_936' title='bbox 1536 5281 1556 5333; x_wconf 89' lang='lat' dir='ltr'>l.</span> <span class='ocrx_word' id='word_1_937' title='bbox 1571 5293 1595 5336; x_wconf 87' lang='lat' dir='ltr'>s.</span> <span class='ocrx_word' id='word_1_938' title='bbox 1619 5281 1675 5352; x_wconf 67' lang='lat' dir='ltr'>defi</span> <span class='ocrx_word' id='word_1_939' title='bbox 1695 5295 1738 5337; x_wconf 84' lang='lat' dir='ltr'>tr.</span> <span class='ocrx_word' id='word_1_940' title='bbox 1750 5303 1779 5336; x_wconf 84' lang='lat' dir='ltr'>n.</span> <span class='ocrx_word' id='word_1_941' title='bbox 1792 5297 1818 5337; x_wconf 91' lang='lat' dir='ltr'>s.</span> <span class='ocrx_word' id='word_1_942' title='bbox 1833 5289 1885 5341; x_wconf 78' lang='lat' dir='ltr'>liu.</span> 
     </span>
     <span class='ocr_line' id='line_1_89' title="bbox 194 5359 1884 5451; baseline 0.02 -63"><span class='ocrx_word' id='word_1_943' title='bbox 194 5378 357 5451; x_wconf 44' lang='lat' dir='ltr'>deliquerit,</span> <span class='ocrx_word' id='word_1_944' title='bbox 375 5377 502 5449; x_wconf 54' lang='lat' dir='ltr'>“mm</span> <span class='ocrx_word' id='word_1_945' title='bbox 522 5375 569 5429; x_wconf 58' lang='lat' dir='ltr'>qm</span> <span class='ocrx_word' id='word_1_946' title='bbox 587 5385 656 5428; x_wconf 60' lang='lat' dir='ltr'><strong><em>m</em></strong></span> <span class='ocrx_word' id='word_1_947' title='bbox 675 5373 782 5425; x_wconf 53' lang='lat' dir='ltr'>heum,</span> <span class='ocrx_word' id='word_1_948' title='bbox 800 5385 862 5438; x_wconf 50' lang='grc' dir='ltr'>,μ’</span> <span class='ocrx_word' id='word_1_949' title='bbox 874 5368 965 5420; x_wconf 62' lang='lat' dir='ltr'>omni,</span> <span class='ocrx_word' id='word_1_950' title='bbox 979 5365 1014 5418; x_wconf 58' lang='lat' dir='ltr'>,t</span> <span class='ocrx_word' id='word_1_951' title='bbox 1067 5359 1157 5430; x_wconf 72' lang='lat' dir='ltr'>boyer.</span> <span class='ocrx_word' id='word_1_952' title='bbox 1168 5370 1201 5414; x_wconf 86' lang='lat' dir='ltr'>tr.</span> <span class='ocrx_word' id='word_1_953' title='bbox 1215 5377 1306 5429; x_wconf 82' lang='lat' dir='ltr'>nuper</span> <span class='ocrx_word' id='word_1_954' title='bbox 1323 5360 1395 5417; x_wconf 81' lang='lat' dir='ltr'>odito</span> <span class='ocrx_word' id='word_1_955' title='bbox 1414 5363 1447 5418; x_wconf 85' lang='lat' dir='ltr'>de</span> <span class='ocrx_word' id='word_1_956' title='bbox 1465 5365 1555 5436; x_wconf 68' lang='lat' dir='ltr'>sigillo</span> <span class='ocrx_word' id='word_1_957' title='bbox 1574 5365 1694 5434; x_wconf 56' lang='grc' dir='ltr'>συνῄρει.</span> <span class='ocrx_word' id='word_1_958' title='bbox 1711 5385 1734 5420; x_wconf 80' lang='lat' dir='ltr'>c.</span> <span class='ocrx_word' id='word_1_959' title='bbox 1755 5378 1779 5420; x_wconf 83' lang='lat' dir='ltr'>t.</span> <span class='ocrx_word' id='word_1_960' title='bbox 1797 5371 1819 5434; x_wconf 78' lang='grc' dir='ltr'>ς.</span> <span class='ocrx_word' id='word_1_961' title='bbox 1846 5383 1884 5422; x_wconf 82' lang='lat' dir='ltr'>rs.</span> 
     </span>
    </p>

    <p class='ocr_par' dir='ltr' id='par_1_19' title="bbox 119 5445 1990 5794">
     <span class='ocr_line' id='line_1_90' title="bbox 119 5445 1881 5536; baseline 0.001 -29"><span class='ocrx_word' id='word_1_962' title='bbox 119 5461 157 5506; x_wconf 72' lang='lat' dir='ltr'>ts</span> <span class='ocrx_word' id='word_1_963' title='bbox 193 5467 270 5522; x_wconf 58' lang='lat' dir='ltr'>remit</span> <span class='ocrx_word' id='word_1_964' title='bbox 290 5465 368 5536; x_wconf 74' lang='lat' dir='ltr'>peplo</span> <span class='ocrx_word' id='word_1_965' title='bbox 382 5463 561 5516; x_wconf 74' lang='lat' dir='ltr'>involutorum</span> <span class='ocrx_word' id='word_1_966' title='bbox 577 5451 932 5515; x_wconf 78' lang='lat' dir='ltr'>medicumrscceriitratic,</span> <span class='ocrx_word' id='word_1_967' title='bbox 945 5445 1014 5520; x_wconf 85' lang='lat' dir='ltr'>quod</span> <span class='ocrx_word' id='word_1_968' title='bbox 1067 5445 1144 5499; x_wconf 86' lang='lat' dir='ltr'>Gonf.</span> <span class='ocrx_word' id='word_1_969' title='bbox 1163 5445 1289 5500; x_wconf 80' lang='lat' dir='ltr'>Vincunt.</span> <span class='ocrx_word' id='word_1_970' title='bbox 1306 5445 1398 5502; x_wconf 76' lang='lat' dir='ltr'>came</span> <span class='ocrx_word' id='word_1_971' title='bbox 1417 5457 1451 5502; x_wconf 82' lang='lat' dir='ltr'>tr.</span> <span class='ocrx_word' id='word_1_972' title='bbox 1468 5449 1630 5506; x_wconf 70' lang='lat' dir='ltr'>cereastes.</span> <span class='ocrx_word' id='word_1_973' title='bbox 1651 5450 1881 5524; x_wconf 50' lang='lat' dir='ltr'>coassumpta.</span> 
     </span>
     <span class='ocr_line' id='line_1_91' title="bbox 197 5529 1947 5608; baseline -0.011 0"><span class='ocrx_word' id='word_1_974' title='bbox 197 5551 305 5608; x_wconf 80' lang='lat' dir='ltr'>medico</span> <span class='ocrx_word' id='word_1_975' title='bbox 325 5557 422 5601; x_wconf 82' lang='lat' dir='ltr'>secreta</span> <span class='ocrx_word' id='word_1_976' title='bbox 443 5543 503 5600; x_wconf 83' lang='lat' dir='ltr'>talis</span> <span class='ocrx_word' id='word_1_977' title='bbox 522 5540 722 5597; x_wconf 73' lang='lat' dir='ltr'>committantur</span> <span class='ocrx_word' id='word_1_978' title='bbox 742 5547 845 5603; x_wconf 83' lang='lat' dir='ltr'>coacte,</span> <span class='ocrx_word' id='word_1_979' title='bbox 862 5555 915 5608; x_wconf 91' lang='lat' dir='ltr'>quo</span> <span class='ocrx_word' id='word_1_980' title='bbox 939 5553 1015 5606; x_wconf 81' lang='lat' dir='ltr'>purir-</span> <span class='ocrx_word' id='word_1_981' title='bbox 1069 5543 1109 5585; x_wconf 81' lang='lat' dir='ltr'>tt·</span> <span class='ocrx_word' id='word_1_982' title='bbox 1124 5546 1198 5602; x_wconf 75' lang='lat' dir='ltr'>seqq.</span> <span class='ocrx_word' id='word_1_983' title='bbox 1215 5529 1269 5600; x_wconf 76' lang='lat' dir='ltr'>Ego</span> <span class='ocrx_word' id='word_1_984' title='bbox 1288 5547 1350 5584; x_wconf 86' lang='lat' dir='ltr'>rerc</span> <span class='ocrx_word' id='word_1_985' title='bbox 1367 5531 1412 5584; x_wconf 89' lang='lat' dir='ltr'>bic</span> <span class='ocrx_word' id='word_1_986' title='bbox 1429 5535 1517 5604; x_wconf 88' lang='lat' dir='ltr'>potius</span> <span class='ocrx_word' id='word_1_987' title='bbox 1529 5533 1673 5587; x_wconf 84' lang='lat' dir='ltr'>srtbsistam</span> <span class='ocrx_word' id='word_1_988' title='bbox 1694 5535 1721 5587; x_wconf 91' lang='lat' dir='ltr'>iu</span> <span class='ocrx_word' id='word_1_989' title='bbox 1741 5537 1876 5588; x_wconf 83' lang='lat' dir='ltr'>cornnurni</span> <span class='ocrx_word' id='word_1_990' title='bbox 1915 5558 1947 5601; x_wconf 70' lang='lat' dir='ltr'>ss</span> 
     </span>
     <span class='ocr_line' id='line_1_92' title="bbox 196 5613 1880 5701; baseline -0.011 -12"><span class='ocrx_word' id='word_1_991' title='bbox 196 5637 295 5691; x_wconf 85' lang='lat' dir='ltr'>ticrem</span> <span class='ocrx_word' id='word_1_992' title='bbox 308 5633 341 5687; x_wconf 88' lang='lat' dir='ltr'>ab</span> <span class='ocrx_word' id='word_1_993' title='bbox 353 5649 384 5686; x_wconf 90' lang='lat' dir='ltr'>ec</span> <span class='ocrx_word' id='word_1_994' title='bbox 398 5639 570 5701; x_wconf 81' lang='lat' dir='ltr'>consequatur</span> <span class='ocrx_word' id='word_1_995' title='bbox 588 5623 763 5686; x_wconf 71' lang='lat' dir='ltr'>medicinums</span> <span class='ocrx_word' id='word_1_996' title='bbox 781 5625 874 5677; x_wconf 81' lang='lat' dir='ltr'>vulnus</span> <span class='ocrx_word' id='word_1_997' title='bbox 886 5617 957 5674; x_wconf 84' lang='lat' dir='ltr'>enirn</span> <span class='ocrx_word' id='word_1_998' title='bbox 971 5617 1015 5670; x_wconf 90' lang='lat' dir='ltr'>de·</span> <span class='ocrx_word' id='word_1_999' title='bbox 1068 5613 1112 5668; x_wconf 86' lang='lat' dir='ltr'>ills</span> <span class='ocrx_word' id='word_1_1000' title='bbox 1130 5613 1164 5668; x_wconf 87' lang='lat' dir='ltr'>ad</span> <span class='ocrx_word' id='word_1_1001' title='bbox 1181 5613 1320 5668; x_wconf 87' lang='lat' dir='ltr'>silentium</span> <span class='ocrx_word' id='word_1_1002' title='bbox 1337 5615 1515 5686; x_wconf 73' lang='lat' dir='ltr'>obligatione,</span> <span class='ocrx_word' id='word_1_1003' title='bbox 1534 5616 1568 5668; x_wconf 87' lang='lat' dir='ltr'>ad</span> <span class='ocrx_word' id='word_1_1004' title='bbox 1586 5635 1663 5687; x_wconf 83' lang='lat' dir='ltr'>quum</span> <span class='ocrx_word' id='word_1_1005' title='bbox 1679 5617 1880 5686; x_wconf 87' lang='lat' dir='ltr'>unusquisque,</span> 
     </span>
     <span class='ocr_line' id='line_1_93' title="bbox 198 5697 1990 5794; baseline -0.003 -29"><span class='ocrx_word' id='word_1_1006' title='bbox 198 5731 270 5794; x_wconf 62' lang='lat' dir='ltr'>squ.</span> <span class='ocrx_word' id='word_1_1007' title='bbox 290 5735 396 5775; x_wconf 67' lang='lat' dir='ltr'>„scene</span> <span class='ocrx_word' id='word_1_1008' title='bbox 412 5725 469 5787; x_wconf 87' lang='lat' dir='ltr'>cst,</span> <span class='ocrx_word' id='word_1_1009' title='bbox 487 5717 511 5771; x_wconf 90' lang='lat' dir='ltr'>si</span> <span class='ocrx_word' id='word_1_1010' title='bbox 533 5731 612 5788; x_wconf 87' lang='lat' dir='ltr'>opens</span> <span class='ocrx_word' id='word_1_1011' title='bbox 634 5707 795 5768; x_wconf 84' lang='lat' dir='ltr'>medicantis</span> <span class='ocrx_word' id='word_1_1012' title='bbox 819 5715 953 5782; x_wconf 80' lang='lat' dir='ltr'>expectas,</span> <span class='ocrx_word' id='word_1_1013' title='bbox 974 5718 1014 5758; x_wconf 89' lang='lat' dir='ltr'>se·</span> <span class='ocrx_word' id='word_1_1014' title='bbox 1066 5697 1110 5754; x_wconf 80' lang='lat' dir='ltr'>cui</span> <span class='ocrx_word' id='word_1_1015' title='bbox 1135 5705 1235 5754; x_wconf 83' lang='lat' dir='ltr'>secreta</span> <span class='ocrx_word' id='word_1_1016' title='bbox 1258 5697 1421 5770; x_wconf 83' lang='lat' dir='ltr'>conmissa,</span> <span class='ocrx_word' id='word_1_1017' title='bbox 1444 5697 1599 5772; x_wconf 66' lang='lat' dir='ltr'>obligatur.</span> <span class='ocrx_word' id='word_1_1018' title='bbox 1625 5701 1685 5772; x_wconf 85' lang='lat' dir='ltr'>Quo</span> <span class='ocrx_word' id='word_1_1019' title='bbox 1708 5699 1882 5758; x_wconf 81' lang='lat' dir='ltr'>fundamento</span> <span class='ocrx_word' id='word_1_1020' title='bbox 1923 5746 1990 5768; x_wconf 74' lang='grc'><strong>..,,</strong></span> 
     </span>
    </p>
   </div>
   <div class='ocr_carea' id='block_1_15' title="bbox 0 0 2174 6240">
    <p class='ocr_par' dir='ltr' id='par_1_20' title="bbox 0 0 2174 6240">
     <span class='ocr_line' id='line_1_94' title="bbox 0 0 2174 6240; baseline 0 2"><span class='ocrx_word' id='word_1_1021' title='bbox 0 0 2174 6240; x_wconf 95' lang='lat' dir='ltr'> </span> 
     </span>
    </p>
   </div>
  </div>
 </body>
</html>
