4328 6270
453 279 507 348 ,ss
1040 264 1440 326 promicantem
1459 267 1493 324 n.
1968 269 2010 339 ,ss
2104 305 2107 393 p

401 367 440 426 dr
455 389 506 442 qna
526 369 615 424 obiter
629 365 688 422 sid.
705 368 796 423 saroa.
814 387 836 420 c.
853 375 880 419 ι.
893 383 924 418 a.
932 363 965 436 Ι
981 383 1009 418 n.
1028 377 1052 415 ι.
1066 365 1138 415 liinc
1150 373 1222 434 patet
1273 365 1320 416 lor.
1337 385 1367 434 p·
1385 379 1406 418 ι.
1423 367 1448 418 ri.
1470 375 1512 418 ιι.
1531 363 1637 435 Koepp.
1655 363 1701 420 tet.
1721 375 1745 420 t.
1758 365 1816 419 nis.
1829 373 1886 421 tot.
1899 383 1924 417 ιι.
1938 375 1971 418 ιι.
1982 367 2047 424 ttetr.

399 453 433 508 de
461 458 520 521 inre
537 471 628 506 sason.
648 469 738 504 eornm
751 467 909 504 consensum
927 450 1040 501 omniuo
1058 449 1157 499 arlesse.
1175 446 1222 500 de·
1273 451 1428 503 d.ts.n.t.
1443 452 1472 504 Si
1491 469 1594 521 qnoque
1606 469 1735 504 consensu
1749 453 1849 504 domiui
1861 450 2048 520 aemalieoogra·
2068 450 2083 494 1Ι

325 523 361 568 ⁴²
399 539 470 592 bere.
491 539 510 588 t
530 557 579 607 qua
594 539 751 590 simultsnca
774 537 926 591 inrestitura
946 535 1056 587 multam
1075 532 1219 594 dffertea,
1274 546 1361 586 ratum
1382 536 1506 600 feudum,
1526 538 1559 589 ad
1580 535 1657 603 hujus
1675 534 1863 588 exsolutionem
1876 534 1899 586 is
1908 535 2048 604 melampti

396 623 512 692 quaein
531 621 650 674 blarcbia
673 621 788 674 obtinet.
807 618 862 672 rid.
881 619 927 670 dn.
945 619 1028 672 lbet.
1045 633 1144 669 comm.
1158 614 1181 684 1‘.
1189 613 1221 683 Ι.
1272 615 1378 669 serarium
1395 617 1432 670 ob
1451 619 1606 688 promissam
1620 617 1812 688 expectantiam
1829 615 1913 686 capit,
1930 616 2049 684 quisespa·

395 706 442 759 lib.
462 715 486 758 ι.
504 715 522 758 ι.
544 717 566 758 ι.
584 722 611 771 p.
633 714 693 757 sss.
711 723 742 756 ιι·
764 714 804 756 ιι.
821 701 854 756 Et
871 703 981 771 quaein
996 699 1218 761 Pomerauiaest,
1269 710 1345 750 ctans
1362 699 1394 751 ad
1411 701 1503 752 omnia
1522 710 1639 764 tenetur,
1661 699 1773 769 adquae
1786 697 1956 760 dominus‚si
1969 698 2051 752 tantm

393 789 529 860 qaodiusc
535 788 642 841 deducit
657 787 826 842 Chemnitius
838 787 867 839 in
882 801 958 840 conr.
971 801 998 835 ιι.
1011 794 1072 836 ιιι.
1092 791 1119 835 ιι
1130 781 1221 834 multis

394 871 459 928 attia
474 870 591 940 adeoque
609 871 653 923 hio
673 881 742 922 tanta
761 871 904 923 necessitas
921 882 1066 920 consensus
1085 864 1220 916 nouerit.

323 943 357 990 ⁸⁸
431 956 462 1010 Si
479 956 560 1008 alicui
578 955 704 1024 princeps
723 955 910 1024 expectatiram
938 952 967 1002 in
986 949 1065 1002 ieurlo
1082 963 1219 1000 concesse·

394 1038 445 1101 rit,
462 1039 550 1092 eritne
567 1038 645 1105 buius
662 1053 791 1090 consemn
802 1033 888 1105 opus?
903 1035 999 1102 Negat.
1014 1033 1077 1103 quia
1088 1033 1164 1084 enim
1176 1047 1220 1082 es-

394 1125 517 1193 pertatlra
537 1122 607 1176 nibil
628 1121 703 1174 aliud
727 1139 806 1190 quarn
833 1124 875 1187 jus
892 1119 927 1170 ad
952 1136 1024 1182 reru,
1043 1114 1217 1168 electionem

394 1209 561 1276 persona'em
581 1214 673 1258 contra
691 1204 840 1265 dominum,
858 1203 1010 1272 etquidem
1024 1209 1082 1250 tura
1102 1199 1218 1261 demum,

394 1289 499 1356 quando
519 1288 641 1342 conditio
656 1289 766 1352 existit,
789 1299 930 1356 operatur,
949 1283 1047 1337 Mattb.
1064 1281 1098 1333 de
1118 1281 1218 1334 tttttar.

400 1370 439 1422 od
453 1369 493 1420 rit.
506 1389 530 1437 p.
548 1369 651 1422 succerd.
669 1379 724 1420 ιιιι.
741 1387 769 1420 ιι.
790 1382 814 1420 ι.
832 1368 877 1418 dn.
897 1367 1042 1418 Bronuern.
1060 1373 1129 1416 cent.
1150 1377 1175 1415 ι.
1191 1364 1218 1415 d.

398 1463 422 1499 ι.
441 1451 502 1500 irleo
521 1469 574 1501 uon
591 1462 632 1504 est
648 1469 714 1522 opus
739 1453 813 1516 ejus,
837 1451 882 1502 arsi
905 1449 1014 1500 laudum
1034 1447 1219 1516 promissum,

395 1545 524 1583 consensu
542 1533 573 1582 ad
590 1534 778 1586 alienationem
799 1533 887 1598 leudi,
908 1551 955 1586 nec
974 1533 998 1584 is
1017 1547 1140 1583 resonare
1159 1541 1216 1600 pot·

393 1621 433 1664 ιιι
448 1611 552 1664 ieurium
567 1633 580 1664 ιι
594 1632 743 1681 possessura
755 1619 806 1664 rite
817 1617 969 1674 alienatum,
982 1615 1036 1665 sid.
1051 1614 1101 1666 ists
1114 1615 1217 1666 Hortus.

395 1695 493 1748 Pistor.
510 1697 555 1749 lr'b.
570 1707 593 1748 t.
606 1716 649 1764 qu.
664 1707 705 1747 ιι.
717 1698 788 1765 «praed
802 1697 834 1748 de
848 1700 905 1762 jure
917 1699 1041 1750 saxonico
1056 1698 1158 1748 diserte
1178 1699 1216 1748 ita

392 1777 554 1846 dispositum
572 1779 684 1846 legitur,
704 1779 862 1831 tetnreetc
877 1799 898 1831 c.
919 1794 943 1831 s.
966 1788 993 1829 et
1019 1792 1060 1830 st.
1090 1781 1163 1829 Hinc
1184 1777 1218 1828 de

397 1863 459 1929 jura
481 1862 617 1915 nominaui
643 1881 696 1915 non
715 1865 805 1916 suiuus
820 1880 898 1930 qraam
918 1863 952 1915 de
967 1865 1027 1929 inre
1044 1861 1170 1914 saxonico
1186 1862 1217 1912 in

394 1943 516 1996 noniesso
535 1957 595 2008 est,
614 1945 719 2013 quando
738 1945 862 1997 rassulles
881 1961 1016 2014 possessos·
1034 1961 1095 1996 curn
1106 1959 1218 1994 consen·

395 2043 427 2079 sn
446 2027 550 2080 domini
575 2029 706 2082 alienaret
731 2028 855 2093 lendum,
875 2029 902 2080 io
921 2028 991 2096 quod
1010 2028 1057 2078 alli
1078 2027 1106 2078 in
1125 2041 1212 2078 casum

395 2113 526 2166 secuntiae
545 2113 675 2166 successio
699 2111 853 2181 promissa,
872 2113 1066 2181 expectantiam
1084 2111 1217 2180 expirare.

398 2193 453 2247 Du.
473 2194 549 2248 libet.
568 2213 638 2248 com.
650 2193 705 2263 pis.
717 2213 747 2262 p.
763 2205 822 2249 ιιι.
837 2215 865 2249 n.
881 2208 921 2248 ιι.
933 2206 960 2248 ιι
978 2195 1068 2246 omnia
1087 2195 1139 2246 sibi
1149 2194 1216 2245 alias

396 2277 473 2331 licita
492 2279 614 2330 rassollns
631 2295 754 2331 exercere
773 2278 855 2344 ralet,
875 2295 905 2330 ac
923 2279 945 2330 si
967 2275 1032 2331 iacta
1045 2277 1213 2346 expectantia

395 2381 448 2415 noo
468 2361 572 2415 inisset.
591 2361 625 2414 Et
644 2364 693 2414 boo
711 2363 838 2424 obtinet,
855 2363 929 2412 licite
947 2377 1106 2430 possessor,
1125 2359 1172 2428 qni
1190 2379 1213 2410 a·

393 2445 516 2508 licuerit,
536 2454 623 2515 postea
642 2446 701 2498 sine
720 2444 879 2498 haeredibus
897 2445 1045 2497 feudalibus
1059 2444 1213 2498 decesserit:

394 2528 459 2596 quia
481 2527 620 2594 conditio,
639 2545 728 2596 quae,
754 2529 778 2580 si
803 2528 903 2598 absque
919 2528 1081 2582 alienatione
1099 2527 1217 2594 luisset,

393 2613 505 2668 asistere
523 2622 625 2681 poterat
633 2650 642 2677 ,
662 2631 708 2684 per
722 2614 911 2666 alienationem
923 2624 964 2664 est
977 2613 1130 2664 interseras.
1144 2613 1215 2664 Har-

395 2708 443 2750 trn.
454 2697 549 2750 Pistor.
564 2697 589 2750 d.
602 2699 620 2748 1.
633 2715 659 2748 ιι.
675 2712 700 2749 s.
715 2697 783 2748 bdd.
800 2699 930 2751 Reusner.
942 2697 987 2750 tit.
1003 2710 1027 2750 ι.
1040 2711 1114 2750 ιοιιι.
1131 2707 1173 2749 ιι.
1186 2714 1214 2750 ιι.

399 2791 439 2832 ιι.
461 2792 500 2832 ιι.
522 2793 547 2835 ιι
563 2782 597 2832 ad
617 2781 746 2834 iuteresse
764 2781 893 2834 dominus
911 2783 1068 2851 prominens
1084 2781 1217 2848 obligatus

393 2871 456 2927 est,
474 2864 538 2918 licet
555 2881 588 2918 cs
607 2881 679 2919 mera
697 2867 781 2934 gratia
801 2862 868 2918 lacta
886 2863 1032 2918 marcasio.
1048 2865 1147 2919 blatth.
1167 2863 1218 2918 Co·

1270 785 1339 854 apud
1357 785 1445 854 ipsum
1465 785 1641 838 remansisset
1661 786 1734 837 llinc
1751 785 1814 838 licet
1832 784 1872 837 rel
1891 784 1953 836 oltra
1969 782 2051 834 diuidi·

1268 883 1313 916 nm
1332 884 1393 919 aere
1409 869 1495 920 alieno
1513 869 1548 920 sit
1564 876 1721 935 gravatum,
1740 875 1884 938 expectans
1901 875 1979 916 tarum
1993 861 2051 914 adid
2105 872 2108 883 '

1270 963 1411 1005 teneretur.
1426 953 1514 1004 Strur.
1526 971 1550 1006 c.
1565 963 1606 1006 ιι.
1617 971 1645 1004 ιι.
1659 963 1701 1004 ιι.
2106 936 2108 983 d

1306 1036 1453 1087 Habuimus
1472 1037 1598 1090 hactenns
1622 1037 1656 1088 de
1678 1034 1800 1107 personis
1826 1049 1973 1086 coaseomn
1994 1047 2050 1083 sara
2071 1000 2110 1086 ”i

1269 1118 1489 1181 concedentibus,
1508 1119 1674 1172 considerare
1694 1119 1739 1170 hic
1756 1121 1812 1186 jam
1833 1116 1989 1176 debererous,
2008 1114 2052 1182 quir

1268 1217 1426 1254 mnsrnsuro
1445 1202 1590 1270 impetrare
1608 1199 1720 1255 debeat?
1739 1200 1785 1254 sed
1803 1201 1926 1269 qrtoniam
1939 1195 2054 1248 intratur
2072 1181 2087 1223 ῃ

1268 1285 1387 1355 quaestio
1404 1298 1540 1347 occurret,
1558 1303 1592 1338 so
1616 1297 1721 1338 mortuo
1739 1293 1766 1336 et
1784 1285 1871 1336 isrsrio
1887 1279 1995 1332 debitore
2009 1297 2053 1332 noa·

1270 1386 1362 1422 sensas
1381 1370 1518 1438 impetrari
1538 1372 1638 1440 possit,
1657 1367 1770 1441 proinde
1783 1387 1830 1432 ea,
1844 1383 1907 1437 qnae
1918 1364 1959 1417 bic
1968 1364 2013 1415 dirs'
2021 1364 2053 1415 le·

1269 1454 1344 1516 bent,
1364 1471 1395 1505 co
1407 1452 1558 1508 celerianus.
1574 1455 1698 1525 Denique
1711 1453 1761 1506 trac
1771 1453 1861 1505 obiter
1873 1451 1916 1502 bic
1927 1447 2053 1509 attentas,

1268 1536 1488 1603 quemadmodum
1513 1538 1640 1589 vassallus
1664 1535 1723 1588 sine
1748 1531 1851 1586 domini
1877 1547 1994 1584 consenso
2008 1530 2055 1581 utils

1269 1619 1342 1672 leudi
1361 1619 1510 1673 dominium
1529 1619 1654 1672 alienare
1672 1617 1781 1686 nequit,
1799 1617 1839 1668 ita
1859 1630 1907 1666 nec
1916 1612 2055 1664 tantaut-

1268 1718 1301 1752 ne
1321 1703 1422 1753 vassalli
1435 1717 1565 1754 consensu
1582 1701 1716 1754 directum
1735 1697 1886 1749 dominium
1903 1695 2005 1747 alienare
2014 1703 2055 1760 prt-

1268 1783 1336 1843 erit,
1363 1799 1398 1832 ne
1424 1783 1534 1832 vassalio
1551 1798 1633 1832 norus
1651 1779 1804 1832 obtrudatur
1822 1779 1951 1830 dominns.
1969 1787 1988 1828 ι.
1998 1774 2013 1824 i.
2027 1786 2055 1826 ιι.

1265 1861 1289 1932 5.
1302 1862 1405 1917 eadem.
1421 1864 1508 1916 Stans.
1527 1879 1550 1916 c.
1575 1875 1615 1916 ιι.
1635 1863 1673 1915 tle.
1700 1873 1721 1914 ι.
1735 1881 1762 1914 ιι.
1783 1875 1807 1913 ι.
1822 1863 1886 1914 binc
1902 1861 1983 1913 omnis
1998 1861 2053 1914 irrita

1267 1957 1308 1998 est
1331 1947 1474 2011 alienatio,
1498 1965 1565 2016 quae
1590 1947 1648 1998 sine
1672 1947 1777 1998 vassalli
1795 1961 1924 1998 consensu
1941 1956 2053 2014 suscepta,

1267 2029 1336 2098 qnod
1356 2041 1444 2083 tamen
1464 2031 1539 2084 sarie
1557 2032 1704 2082 limitatum
1722 2028 1779 2083 rid.
1796 2047 1841 2099 ap.
1859 2027 1978 2080 Roseutb
1991 2027 2054 2079 les.

1267 2114 1353 2168 conci.
1381 2123 1423 2165 st.
1450 2117 1593 2183 Vasqoeta.
1608 2113 1705 2166 illustr.
1730 2122 1851 2165 controv.
1874 2125 1896 2164 t.
1912 2131 1933 2164 c.
1953 2125 1975 2162 ι.
1999 2113 2054 2164 att

1266 2213 1423 2266 quamquam
1441 2195 1565 2250 dominus
1582 2196 1615 2248 de
1626 2195 1754 2250 ‚dominio
1772 2195 1874 2248 directo
1889 2196 1971 2248 testari
1984 2196 2054 2264 possit,

1265 2283 1326 2350 quia
1346 2281 1471 2334 dominns
1493 2279 1685 2350 proprietatem
1703 2297 1718 2330 a
1736 2279 1813 2330 nullu
1832 2279 2006 2346 recognoscit,
2020 2280 2054 2330 scd

1267 2367 1342 2418 illam
1363 2367 1449 2418 libere
1468 2363 1605 2434 possidet,
1629 2363 1754 2416 ttratuot
1772 2371 1859 2414 tamen
1880 2360 1906 2411 id
1924 2362 1965 2412 dd.
1980 2371 2004 2413 ut
2022 2361 2054 2412 la·

1269 2451 1358 2501 minus
1384 2450 1455 2500 iuter
1480 2464 1540 2500 suos
1564 2457 1671 2514 agnatos
1690 2446 1724 2498 de
1742 2445 1905 2514 proprietate
1923 2445 2011 2514 possit,
2030 2461 2052 2496 ιι

1267 2533 1356 2584 eadem
1376 2531 1495 2594 rationo,
1516 2547 1549 2582 ne
1567 2529 1675 2582 rassallo
1690 2543 1772 2580 norus
1784 2526 1940 2578 obtrudatur
1951 2525 2053 2578 daniam

1267 2616 1365 2682 Vultrj.
1384 2632 1405 2668 c.
1419 2625 1443 2666 ι.
1462 2633 1488 2668 ιι.
1509 2622 1551 2665 ιι.
1573 2613 1672 2664 Aaron·
1690 2611 1756 2680 ds'rp.
1768 2611 1844 2664 ι.ι1ι.
1860 2623 1883 2664 ι.
1895 2609 2053 2680 oppignoratis
2073 2595 2088 2635 ²⁵

1266 2713 1326 2750 vero
1351 2696 1448 2749 directi
1474 2694 1587 2746 dominii
1614 2695 1673 2746 siue
1694 2709 1827 2746 consensu
1854 2694 1952 2746 vassalli
1974 2707 2052 2766 suuper

1268 2779 1376 2832 domino
1396 2777 1469 2830 licita
1488 2787 1537 2830 est·
1552 2776 1661 2829 Sobrad.
1673 2793 1701 2842 p.
1717 2787 1739 2828 ι.
1751 2793 1774 2827 c.
1794 2784 1857 2830 ι.ιι.
1873 2786 1914 2826 ιι.

1304 2862 1417 2918 Tantam
1430 2862 1462 2916 de
1475 2862 1598 2933 personis
1608 2861 1849 2918 ooooentientibus.
1863 2873 1960 2918 transeo
1970 2863 1998 2916 ad

2074 2078 2088 2119 li

2071 2829 2087 2870 ll

1060 3034 1311 3105 CAPUT
1358 3033 1423 3101 Ill.

914 3207 966 3275 De
979 3210 1107 3296 forma
1129 3224 1164 3274 et
1188 3206 1360 3298 requisitis
1383 3227 1579 3272 consensus.

639 3379 978 3438 onustatum

392 3547 593 3604 connexion.
611 3559 634 3601 ι.

396 3632 563 3695 consensus,
583 3635 616 3688 de
634 3653 688 3704 prro
708 3632 867 3704 diespiter,
881 3631 1045 3704 regulariter
1055 3631 1143 3686 striati
1154 3632 1210 3686 a'ma

429 3713 591 3768 strictissimi
597 3716 668 3785 juris
681 3728 728 3768 est.
740 3735 768 3768 ιι.
784 3728 808 3768 ι.

392 3795 504 3851 Exinde
518 3799 597 3854 varia
614 3799 791 3867 colliguntur,
810 3794 910 3866 utpote,
923 3798 1001 3866 quod
1008 3815 1066 3852 non
1083 3799 1215 3853 estenda-

426 3882 511 3934 turin
525 3901 582 3936 non
597 3883 738 3952 expressis.
754 3902 781 3936 n.
802 3895 825 3935 ι.

391 3965 450 4019 Nec
460 3967 495 4018 de
503 3983 622 4034 persona
635 3967 673 4020 ad
683 3982 840 4035 personam.
854 3985 882 4020 ιι.
897 3975 919 4018 ι.

393 4048 467 4116 Bjm
477 4051 559 4103 ratio.
574 4069 601 4102 ιι.
618 4063 642 4101 ι.

392 4133 557 4202 Ignorantia
569 4133 722 4188 vassallum
737 4151 792 4188 non
805 4142 928 4188 errarat.
941 4151 970 4185 ιι.
985 4145 1008 4185 s.

395 4218 531 4281 Persona,
541 4218 569 4270 in
583 4235 667 4288 quarn
678 4235 849 4280 consensum,
858 4228 976 4280 mortua,
984 4233 1022 4271 on
1031 4216 1059 4270 in
1074 4215 1133 4288 ep'rss
1144 4219 1211 4274 dae·

427 4299 518 4352 redem
530 4299 663 4354 alienatio
665 4299 737 4370 fieri
747 4303 859 4371 possit?
872 4319 901 4352 ιι.
913 4312 939 4352 ι.

396 4383 456 4448 Quo
470 4398 537 4434 amu
553 4383 697 4437 creditores
705 4383 751 4452 jus
760 4385 937 4452 praetendere
947 4383 1056 4454 possint
1073 4382 1102 4437 in
1102 4381 1210 4451 feuda·

428 4463 499 4516 la'bus
510 4463 656 4532 impetrato
668 4465 819 4520 consensu?
831 4486 860 4518 ιι.
872 4479 897 4520 ι.

393 4547 548 4603 consensus
560 4559 693 4618 quatenus
711 4559 834 4604 transeat
851 4549 890 4603 ad
902 4551 1045 4615 baemdes,
1057 4549 1084 4603 sr'
1093 4567 1209 4605 consen·

428 4651 461 4685 su
473 4629 740 4701 impetratoseudum
754 4632 911 4704 nonsuerir
923 4635 1084 4706 obligatam.
1099 4653 1128 4688 ιι.
1144 4645 1167 4687 ι.

390 4720 434 4774 ne
450 4731 584 4771 consensu
600 4718 630 4772 in
648 4735 746 4788 genere
763 4715 909 4789 impetrato
921 4736 969 4773 reu
982 4733 1116 4784 consensu
1128 4735 1208 4788 pene·

429 4803 490 4854 ruli.
503 4821 529 4854 ιι.
545 4813 586 4855 ιο.

389 4890 453 4942 tlon
473 4887 535 4940 licet
551 4905 582 4940 ec
600 4902 666 4940 casa
684 4885 832 4954 transferre
839 4887 960 4957 Ιιιιιὶιιιιι
977 4893 1007 4942 ιιι
1022 4887 1204 4960 incapacem.

426 4987 455 5020 n.
472 4981 513 5022 ll,

391 5050 475 5118 Quod
482 5049 657 5120 praejudiciis
665 5051 848 5118 pomeranicis
859 5052 1020 5109 illustratur.
1035 5073 1063 5107 n.
1080 5067 1121 5110 ιι.

388 5135 544 5190 &asaneus
556 5153 612 5188 non
623 5136 780 5191 extenditur
786 5139 818 5192 de
829 5157 859 5192 re
871 5140 909 5194 ad
919 5157 985 5204 rem,
998 5159 1049 5195 nec
1055 5143 1206 5200 decontra·

426 5229 472 5275 ctu
485 5221 523 5274 od
534 5230 715 5286 contractum,
727 5233 775 5274 etc.
789 5241 818 5276 n.
833 5234 875 5277 ιι.

389 5305 423 5360 d'i
443 5322 620 5370 consensum,
640 5318 670 5360 ut
698 5307 780 5362 liceat
793 5306 917 5377 seudum
934 5310 1059 5366 alienare
1077 5312 1148 5368 inter
1164 5313 1208 5368 oi·

426 5407 495 5454 ror,
513 5407 569 5445 non
589 5390 695 5447 valebit
711 5391 843 5448 alienatio
852 5391 938 5463 Ιαιιιι
955 5394 984 5448 in
1003 5395 1100 5452 ultima
1113 5396 1207 5452 colun·

418 5483 496 5525 tate.
509 5472 547 5526 id·

386 5555 465 5650 Data
477 5558 588 5612 licentia
599 5557 725 5627 teseucta
739 5561 918 5619 testandinon
926 5564 997 5620 salet
1009 5565 1124 5623 donatio
1135 5579 1207 5620 mor·

429 5647 465 5692 trs
477 5655 569 5695 causo.
582 5659 609 5696 ιι.
627 5653 666 5695 ιι.

1266 3374 1368 3430 Habito
1381 3391 1517 3429 consensu
1529 3373 1665 3430 vendendi
1674 3393 1731 3431 non
1744 3379 1848 3448 poterit
1855 3389 2006 3448 pannosam,
2017 3389 2051 3428 ιιι

1302 3455 1413 3510 donare.
1430 3473 1455 3507 n.
1470 3469 1512 3509 ιι.

1263 3543 1296 3594 Si
1306 3557 1468 3594 consensum
1482 3538 1544 3611 qar’s
1556 3539 1658 3596 labeas
1669 3541 1708 3594 ad
1717 3542 1894 3598 vendendum
1906 3561 1941 3600 an
1951 3535 2052 3612 possitri·

1298 3642 1333 3678 ne
1344 3642 1415 3677 noro
1428 3641 1450 3678 a.
1464 3625 1635 3694 hypothecae
1646 3625 1737 3680 dare?
1746 3645 1775 3680 ιι.
1792 3637 1835 3682 ts.

1263 3707 1433 3776 Regulariter
1442 3717 1564 3776 negatur.
1577 3725 1603 3760 n.
1620 3719 1658 3762 ιι.

1264 3793 1449 3864 Distinguitur
1458 3794 1532 3848 inter
1547 3793 1742 3850 alienationem
1761 3795 1791 3850 in
1802 3814 1902 3870 genere
1909 3795 2050 3869 permittant,

1298 3891 1326 3931 ιι
1337 3879 1410 3931 ιἰιιιι·
1420 3879 1617 3933 uenditionem.
1630 3897 1656 3932 n.
1674 3891 1714 3931 ιι.

1265 3962 1456 4027 Econtrario,
1474 3961 1500 4014 si
1516 3962 1576 4032 quis
1591 3979 1754 4018 consensum
1773 3963 1955 4035 impetraverit
1971 3961 2003 4018 ad
2014 3961 2047 4029 dy·

1298 4047 1515 4112 potbecandum,
1530 4049 1616 4103 eritne
1628 4065 1705 4104 novo
1722 4067 1861 4104 consensu
1877 4066 1941 4122 opus
1956 4047 1990 4102 od
2002 4061 2051 4100 ses·

1301 4127 1439 4182 dandum?
1450 4147 1476 4185 ιι.
1494 4141 1535 4185 ιι.

1265 4213 1363 4279 Negat.
1377 4231 1403 4266 n.
1421 4224 1461 4268 ιι.

1263 4295 1294 4347 Si
1302 4295 1437 4348 vassallus
1450 4312 1612 4352 consensum
1626 4298 1726 4354 babeat
1745 4303 1785 4355 aa
1795 4303 1968 4366 ιιιᾰιιιδιιιιι,
1977 4296 2049 4368 etser·

1297 4377 1361 4430 dum
1370 4378 1485 4449 pignori
1495 4381 1602 4436 interim
1616 4383 1752 4454 obligetur
1762 4388 1909 4452 venditori,
1921 4389 2047 4452 donrcptt·

1297 4461 1364 4516 tium
1377 4464 1519 4529 solvatur,
1533 4483 1570 4520 an
1583 4467 1738 4524 subsistat?
1747 4489 1775 4522 n.
1789 4483 1833 4526 ιι.

1260 4545 1430 4616 Intelligioar
1445 4563 1596 4604 cousensus
1613 4561 1721 4606 tantam
1740 4553 1774 4608 de
1790 4554 1884 4626 prima
1901 4549 2045 4612 ιιιίιιιιίιιι

1296 4649 1324 4682 n.
1340 4641 1382 4684 25.

1260 4717 1401 4772 Consensu
1418 4715 1561 4786 impetrato
1579 4717 1614 4773 de
1631 4718 1779 4792 obligando
1790 4720 1949 4794 totoseudo,
1959 4725 2045 4785 tm·

1294 4810 1347 4853 ιιιιι
1358 4799 1480 4870 obligare
1491 4799 1592 4854 liceat?
1606 4819 1633 4855 n.
1649 4812 1692 4856 ιι.

1261 4887 1309 4938 An
1329 4902 1352 4938 c.
1369 4901 1450 4953 super
1465 4895 1538 4938 sorte
1556 4885 1637 4942 dotus
1653 4889 1821 4943 extendatur
1834 4905 1936 4962 parque
1952 4881 1985 4942 od
1997 4891 2044 4934 ιιι·

1295 4969 1365 5026 ros?
1377 4989 1404 5024 n.
1421 4980 1463 5024 tt.

1260 5053 1447 5125 Distinguitur
1455 5057 1527 5110 inter
1535 5063 1703 5111 contractus.
1719 5075 1744 5112 n.
1760 5068 1803 5109 ss.
1934 5107 1940 5120 ,

1259 5136 1426 5207 Anfractus
1443 5139 1505 5194 loco
1524 5155 1669 5195 usurarum
1685 5143 1737 5196 laoc
1755 5138 1823 5198 ιιιιι
1838 5137 1938 5212 percipi
1944 5121 2040 5206 posn'st?

1301 5241 1330 5277 ιι.
1347 5237 1387 5277 so.

1262 5307 1334 5377 Quid
1343 5307 1424 5361 laodic
1436 5305 1573 5361 otrtnearr
1585 5325 1614 5361 n.
1630 5317 1671 5361 st.

1257 5389 1290 5444 Si
1300 5389 1429 5444 dominus
1441 5403 1570 5457 eaprerse
1586 5405 1643 5442 non
1661 5387 1806 5446 metuant
1822 5405 1933 5457 ιιιιιιιιι,
1949 5401 1990 5441 ιιι
2002 5375 2037 5432 ιιι

1281 5471 1364 5542 Ιοιιι
1375 5473 1644 5541 compreiaenduntar·
1657 5490 1685 5526 ιι.
1702 5483 1745 5529 ιι.

1260 5562 1309 5613 An
1319 5573 1469 5613 consensus
1476 5557 1563 5627 possit
1574 5556 1653 5614 aedi?
1663 5575 1690 5612 ιι.
1708 5569 1747 5614 ιι.

1259 5641 1438 5716 Affirmatar.
1452 5661 1480 5696 ιι.
1496 5652 1538 5698 ιι.
