4338 6240
209 219 263 293 ⁴⁸3
601 212 652 269 DE
669 211 836 271 remulce
854 214 971 273 Silvo
987 213 1079 272 iiiii!
1099 216 1167 272 SUO
1184 215 1409 274 DlSl'ONEN'l'l.
1753 215 1805 289 ipo

159 313 191 370 id
203 313 369 386 metitur
383 321 533 377 emer,
553 307 700 380 irustreuee
720 312 771 366 erit
783 311 828 364 ille
841 313 987 367 reservatio
1042 313 1216 385 hypothecam
1236 315 1366 369 feudalem
1385 315 1566 378 consentiret,
1583 313 1632 366 bec
1650 311 1755 382 adlecta
1772 319 1862 383 ptule-

162 402 241 458 seiru
262 399 325 470 iure
342 408 450 454 metm.
476 395 661 466 Repetendus!
682 395 765 463 igitur
783 396 887 448 eriles
908 414 987 467 supe·
1039 398 1166 464 statione,
1185 416 1219 451 ae
1242 399 1367 453 creditori
1388 417 1420 453 ex
1446 399 1525 454 ieudu
1550 395 1775 465 antistantibus
1796 417 1859 470 prn-

164 486 281 542 rioribns
304 485 355 540 lure
377 481 464 554 eapite
489 481 626 541 eriductis,
645 480 787 533 cleuselsm
809 480 884 531 illem
903 497 987 534 reser-
1039 484 1205 536 testationem
1224 483 1353 536 inutilem
1373 503 1444 549 esse,
1463 503 1521 536 curn
1536 484 1570 536 sit
1583 483 1653 537 iacto
1666 485 1809 536 contraria.
1825 481 1861 534 l-

162 585 224 626 rere
249 566 343 620 saltem
370 568 430 634 jus,
455 564 524 633 qnod
551 562 668 633 principi
691 572 767 615 extra
786 563 865 614 illurn
883 574 988 616 contre-
1038 567 1076 618 lle
1094 566 1190 629 dubia,
1209 583 1275 636 qnee
1293 585 1307 618 e
1326 568 1549 621 dissentientibus
1567 569 1638 620 circa
1658 567 1860 620 nabilemlmue

161 665 231 708 αιοι
250 649 401 720 competit,
421 648 474 700 sid.
493 645 539 698 riu.
554 647 665 698 Praenes
674 655 801 716 petronus
816 645 990 700 meusebser·
1039 651 1248 703 orantrorersiam
1267 653 1365 704 moseri
1378 653 1477 714 solent,
1490 649 1629 704 brevitatis
1642 667 1732 704 errrore
1744 669 1796 703 non
1812 652 1859 704 eal-

162 737 322 792 rerstissiree
341 731 508 787 reuerentiae
526 729 555 784 in
574 747 619 783 ere.
627 731 684 802 jur.
693 727 778 800 feel·
790 748 812 782 c.
830 741 870 780 ts.
885 749 930 802 pu.
948 743 988 782 ts.
1040 731 1175 796 ducimus,
1193 734 1226 788 ed
1245 736 1323 791 modo
1334 737 1457 806 allegatos
1470 747 1585 790 auctores
1597 737 1719 790 lectorem
1732 736 1861 808 cupidum

161 821 198 876 Et
215 837 275 874 eeus
296 815 538 888 interpretandam,
557 831 590 866 ne
609 813 988 884 praecedentiecsrrigenturr
1038 815 1192 884 allegantes.

163 909 216 976 jem
234 921 296 959 rem
313 901 442 956 ωῐῐωῑὶθ
459 899 535 963 fot‘b
552 899 575 950 ’ἱ
589 899 713 968 princepe
724 898 888 950 monastices
898 897 977 950 inob
1080 901 1111 952 ld
1129 917 1192 954 reru
1209 899 1293 957 edlauc
1319 903 1408 973 prucis
1432 903 1592 968 ridendumg
1619 923 1669 970 sn,
1695 905 1717 958 si
1736 904 1861 958 dominus
1897 891 1930 935 ⁵²

164 989 319 1060 ligationem
340 984 439 1048 ieudi,
462 984 507 1036 serl
527 982 608 1036 nollet
623 984 680 1054 ipse
693 977 722 1034 iis
736 997 798 1036 casu
809 983 895 1052 aperti
916 979 987 1034 leudi
1040 985 1117 1036 selvo
1136 988 1199 1055 iure
1220 1004 1271 1041 sao
1297 989 1462 1042 consenserit
1488 989 1516 1042 in
1536 990 1748 1060 pignorationem
1768 987 1861 1054 iculi,

98 1063 129 1112 υ
165 1070 284 1128 debiturn
303 1071 463 1124 exsolvere:
483 1067 596 1121 sienim
615 1067 762 1137 hypotheca
784 1067 811 1120 in
831 1065 909 1120 ieudo
928 1085 991 1120 con·
1040 1071 1165 1124 aramus
1183 1071 1367 1127 debitorrero
1385 1089 1532 1125 seanesu
1558 1075 1627 1127 seris
1645 1074 1726 1126 alieni
1746 1074 1862 1126 liberere

164 1158 259 1216 rtltnra
277 1155 359 1209 seusei
371 1161 448 1206 neele
462 1151 634 1214 soliditatem,
647 1149 693 1202 ille
709 1150 989 1219 ell'eetulsocgaudet,
1039 1165 1173 1226 nequem,
1198 1156 1316 1208 creditor
1339 1155 1409 1209 idern
1435 1154 1544 1209 ieudnm
1568 1158 1686 1210 elicuere
1710 1157 1770 1209 siue
1795 1173 1863 1209 nouo

163 1253 194 1298 et
211 1257 271 1294 curn
293 1257 323 1294 re
340 1237 373 1292 ed
392 1236 512 1307 queraris
530 1251 723 1307 possessorem,
740 1235 937 1304 elitsquoque
954 1233 987 1287 ed
1040 1255 1170 1292 consensu
1189 1237 1294 1292 domini
1312 1240 1417 1309 possit?
1436 1239 1465 1293 Si
1484 1255 1516 1293 er
1535 1241 1591 1308 iure
1609 1257 1719 1293 marano
1737 1240 1789 1291 buc
1807 1249 1860 1291 tra·
1896 1237 1929 1280 Η

167 1325 306 1380 &missurn
321 1331 451 1378 transeat.
1042 1320 1128 1374 benda
1147 1324 1238 1386 cello,
1258 1332 1360 1376 eertum
1379 1333 1434 1384 est,
1451 1325 1520 1392 qnod
1540 1324 1672 1376 decretum
1692 1341 1773 1394 super
1789 1322 1858 1375 obli-

99 1424 131 1468 η
205 1406 397 1470 Seddiceres,
416 1419 573 1457 consensum
594 1402 696 1456 dotuini
708 1402 800 1458 stricte
811 1401 988 1472 esseeepien·
1040 1407 1146 1475 gellone
1166 1407 1368 1478 interpositum,
1394 1407 1474 1460 etiem
1500 1407 1533 1458 ad
1557 1409 1745 1460 alienationem
1765 1413 1797 1462 sil
1816 1425 1861 1461 ex·

165 1492 248 1557 dum,
267 1501 294 1545 et
312 1489 450 1555 suiiicere,
470 1491 549 1543 ruodo
564 1501 642 1542 estre
655 1505 793 1560 personent
808 1487 911 1540 demini
927 1487 990 1540 elie·
1042 1491 1204 1544 tendendum
1224 1491 1243 1542 t.
1269 1505 1291 1544 c.
1309 1489 1333 1562 5.
1351 1491 1416 1559 eff.
1431 1493 1463 1543 de
1474 1493 1535 1545 don.
1549 1509 1644 1546 eorum
1656 1493 1705 1564 qui
1722 1493 1771 1545 rud
1785 1493 1859 1548 tutet.

97 1580 128 1624 tt
163 1587 236 1632 οωιο
263 1573 362 1628 babere
384 1573 477 1643 pessit
503 1573 556 1626 set
581 1571 752 1634 dubitemus,
778 1587 811 1623 eo
838 1573 907 1624 ullus
931 1571 989 1637 eius
1040 1575 1097 1626 lmo
1115 1591 1239 1629 concesse
1264 1577 1510 1644 oppigneratione,
1530 1586 1630 1627 caetere
1650 1591 1753 1644 quoqne
1769 1591 1861 1629 conce·

163 1658 247 1732 quoad
267 1657 427 1712 creditorem
446 1654 550 1709 effeetus
563 1655 609 1708 sit.
623 1656 742 1708 Feualum
755 1655 986 1724 enimobligaturc
1037 1659 1121 1712 denda
1140 1671 1218 1725 suut,
1244 1677 1312 1731 quae
1334 1660 1433 1712 exinde
1449 1670 1606 1729 sequnntur,
1626 1659 1779 1712 Cothamen.
1798 1661 1856 1714 vol.

164 1755 210 1798 eut
226 1743 366 1814 antiquum
384 1749 431 1794 eut
455 1757 552 1793 norum
568 1739 985 1807 est.Sieotiqnum,eonsensns
1037 1757 1059 1795 s.
1078 1759 1145 1810 resp.
1165 1755 1206 1796 2³.
1226 1762 1253 1796 a.
1277 1756 1333 1796 iss.
1351 1745 1390 1796 Es
1415 1745 1638 1814 oppigneratione
1660 1747 1701 1812 jus
1720 1746 1855 1800 alienandi
1894 1732 1926 1776 ⁵⁴

163 1829 264 1884 domiai
285 1827 357 1878 nibil
373 1824 530 1896 operabitur
549 1823 577 1876 in
598 1822 961 1893 praejudiciumagnetorum
975 1866 984 1893 ,
1037 1830 1153 1896 sequitur
1179 1845 1223 1879 sue
1249 1837 1364 1897 sponte,
1384 1827 1460 1881 modo
1480 1828 1615 1896 legitimae
1635 1827 1857 1883 denuntiationes

164 1933 226 1984 ergo
245 1922 273 1965 et
292 1912 388 1964 iturum
407 1923 553 1963 consensus
571 1908 624 1962 ecit
637 1907 802 1962 necessarius
815 1910 900 1962 strar.
913 1921 985 1981 synt.
1037 1925 1089 1960 non
1112 1907 1215 1962 suerint
1233 1908 1350 1963 omissae
1368 1911 1386 1960 l.
1402 1907 1515 1976 effide
1524 1911 1632 1980 pigrior.
1646 1923 1699 1964 net.
1712 1913 1731 1963 i.
1746 1923 1770 1966 t.
1783 1931 1805 1965 c.
1825 1916 1858 1970 ds

92 2011 126 2056 ts
152 1997 236 2070 fiad.
253 2015 277 2052 c.
300 2009 341 2049 ts.
357 1997 396 2047 tle.
416 2006 440 2047 t.
453 1993 482 2045 Si
498 2009 604 2055 nocuae,
624 1992 721 2062 pariter
734 1990 984 2047 irustraneusesset
1037 1992 1111 2045 daber.
1127 1993 1233 2061 pigrior.
1251 1994 1270 2044 Ι.
1289 1994 1336 2047 ult·
1354 2001 1376 2056 ς.
1399 2005 1421 2046 r.
1440 2011 1464 2047 c.
1483 1994 1515 2049 de
1529 1995 1586 2064 jur.
1606 1994 1678 2048 doen.
1696 1996 1800 2065 impert.
1813 1999 1856 2052 Ob

165 2099 328 2146 muscosus,
356 2080 379 2131 si
398 2079 537 2130 dominum
557 2077 792 2145 constringerem
816 2077 890 2147 qarod
910 2080 983 2131 enirn
1035 2093 1098 2144 ques
1118 2076 1231 2129 rationes
1250 2079 1345 2130 necin
1364 2076 1451 2132 iendis
1473 2097 1537 2133 noro
1548 2079 1582 2131 ed
1592 2080 1780 2134 alienationem
1795 2099 1858 2135 con-

163 2183 241 2226 antes
259 2168 372 2230 dietum,
391 2165 425 2218 ed
447 2162 474 2214 iai
495 2163 620 2233 prodesse
636 2161 681 2216 tali
702 2177 761 2215 cern
779 2178 947 2226 consensum,
959 2175 986 2218 ut
1035 2175 1114 2212 sensu
1130 2175 1198 2228 opus
1215 2175 1272 2212 esse
1290 2158 1395 2215 tradunt
1412 2163 1488 2215 llart.
1509 2163 1607 2216 Pistor.
1625 2183 1649 2225 n.
1672 2175 1693 2216 t.
1711 2184 1755 2235 qu.
1772 2177 1812 2217 ts.
1827 2183 1854 2222 n.

161 2255 288 2308 dominus
306 2250 392 2321 possit
409 2248 516 2317 adigere
535 2246 689 2312 vassallum,
709 2256 740 2298 ut
757 2246 983 2309 sulastesieudo,
1040 2253 1081 2296 tt.
1107 2244 1216 2298 Schrad·
1236 2245 1269 2298 de
1282 2243 1364 2315 seed.
1374 2267 1400 2317 p.
1415 2257 1439 2298 e.
1452 2265 1476 2301 c.
1492 2257 1515 2300 t.
1530 2265 1556 2300 n.
1580 2259 1621 2302 rt.
1639 2265 1709 2318 seqq.
1722 2251 1773 2304 set
1794 2269 1854 2308 caru
1892 2237 1923 2283 ⁵⁸

162 2342 213 2396 itue
234 2343 335 2392 iterum
355 2337 427 2389 locet
445 2337 503 2388 sine
516 2333 630 2386 effectu.
648 2331 721 2399 Quid
740 2332 827 2395 enim,
847 2334 870 2383 si
890 2334 990 2386 russei·
1035 2327 1143 2381 domino
1162 2330 1246 2384 inrito
1264 2342 1291 2384 et
1309 2332 1395 2384 inscio
1407 2332 1475 2386 elius
1494 2335 1633 2386 alienando
1658 2336 1852 2394 obtruderetur

163 2426 205 2479 lue
221 2427 325 2478 soluere
343 2439 395 2476 non
417 2419 528 2492 possit?
554 2417 753 2487 Respondebis:
773 2416 809 2468 ite
829 2414 935 2470 ieuduru
954 2420 985 2472 in
1038 2415 1444 2481 ressallus,existimamus,non
1459 2417 1566 2488 quidem
1582 2420 1854 2493 noropenitnr,repe·

160 2512 274 2564 ululare
297 2506 425 2560 desidum.
445 2503 603 2572 {legerimus
630 2498 758 2571 quamdin
777 2515 838 2552 seru
856 2500 984 2554 retinebit
1036 2497 1084 2551 tito
1101 2508 1185 2552 tamea
1205 2497 1308 2550 domini
1326 2513 1455 2551 cottsensu
1474 2519 1541 2570 opus
1566 2518 1640 2563 essa,
1660 2504 1696 2556 ite
1716 2515 1746 2554 ut
1765 2507 1852 2559 domi-

160 2595 281 2648 creditor
301 2593 351 2646 tale
367 2587 497 2642 ieudurni·
513 2587 633 2641 Ontniuo
650 2582 864 2654 respondendum
885 2583 936 2636 tibi
955 2601 982 2636 e·
1034 2600 1070 2636 no
1088 2581 1277 2648 denuncietur,
1298 2583 1361 2636 huic
1378 2584 1418 2636 rel
1436 2585 1477 2636 illi
1497 2585 1673 2640 seutlurnesse
1686 2588 1852 2647 rendendum

161 2680 217 2751 rit,
234 2675 365 2748 quamdiu
390 2674 519 2728 cassellas
538 2673 648 2740 elusqne
665 2667 794 2721 haeredes
814 2669 917 2734 risuum
937 2669 984 2722 sed
1033 2683 1084 2734 quo
1103 2666 1127 2717 si
1145 2665 1298 2719 inhabilites
1317 2665 1345 2716 in
1365 2683 1477 2736 persone
1490 2670 1619 2737 emptoris
1632 2669 1712 2735 adsit,
1727 2671 1854 2726 dominus

161 2767 223 2836 quis
242 2765 293 2816 boc
306 2771 381 2830 pecto
399 2775 459 2810 aton·
472 2755 599 2820 advertit,
618 2753 688 2806 nilsil
706 2771 721 2806 a
740 2753 985 2824 Dominopercon-
1034 2747 1086 2800 sibi
1105 2747 1245 2818 procidere
1264 2747 1370 2818 possit,
1395 2760 1422 2801 et
1439 2750 1521 2802 alium
1541 2751 1572 2802 ad
1592 2753 1700 2806 serritie
1719 2758 1853 2826 aptiorem

161 2863 272 2902 sensum
292 2845 367 2896 illum
385 2857 444 2895 esse
462 2839 635 2911 praestitum,
653 2837 723 2907 qnod
742 2839 983 2892 nonantealicue·
1034 2833 1211 2898 substituere,
1237 2843 1264 2886 et
1287 2833 1335 2887 boc
1354 2833 1442 2905 ipsum
1462 2836 1491 2887 iu
1509 2851 1568 2889 essu
1588 2839 1673 2890 simili
1694 2842 1775 2896 tutius
1793 2863 1852 2900 esse

89 2949 122 2993 ee
162 2925 362 2984 rilcreditorir
380 2925 481 2994 quippe
500 2923 528 2974 iu
546 2939 577 2974 ee
595 2918 733 2972 uneniruis
750 2917 923 2972 iendisterum
942 2937 984 2972 ns·
1034 2919 1131 2973 dicitur
1148 2919 1177 2973 in
1201 2920 1219 2971 l·
1246 2930 1270 2970 t.
1294 2917 1318 2991 5.
1347 2931 1368 2974 t.
1387 2918 1429 2990 ff·
1454 2921 1784 2994 dereb.eorumquisuh
1805 2939 1852 2984 tue,

160 3021 326 3069 sensmest:
351 3010 438 3062 ralere
458 3005 635 3075 hypothecam
656 3002 685 3054 in
704 2999 784 3056 leudo
802 3002 981 3055 einedoauiai
1034 3005 1063 3055 ΙιΙ
1085 3015 1170 3058 temen
1190 3003 1420 3059 dominolicituru
1441 3025 1494 3060 nou
1513 3015 1562 3072 est,
1580 3009 1649 3079 qaod
1668 3015 1850 3084 postcaplane
1890 3028 1921 3071 ss

159 3117 291 3156 mnsensu
309 3097 478 3151 constitutam
498 3093 526 3144 in
545 3089 742 3161 praejudicium
760 3089 864 3142 noant
875 3091 984 3160 ejusque
1033 3091 1096 3143 relit
1115 3107 1271 3144 con-ensuns
1287 3128 1294 3155 ,
1313 3109 1365 3161 quo
1383 3093 1416 3146 ad
1435 3096 1623 3151 alienationem
1644 3105 1789 3170 denegare,
1809 3121 1852 3156 ee-

160 3183 320 3248 hfflff‘ifflfla
339 3181 467 3233 nemin·
486 3175 585 3242 v“nii-
603 3176 637 3227 δ’
651 3171 735 3242 s‘ud·
748 3173 766 3224 Ῑ·
783 3183 804 3224 ¹·
815 3190 839 3226 θ·
854 3185 894 3226 ¹⁰·
906 3193 982 3226 num.
1031 3188 1106 3229 leniit
1123 3175 1195 3228 enirn
1214 3193 1261 3247 per
1278 3179 1450 3232 necessariam
1469 3184 1683 3250 consequentiam
1698 3197 1737 3240 est
1752 3170 1853 3258 dblige·

92 3299 123 3343 η
168 3279 212 3320 ts.
226 3267 258 3322 Et
275 3263 397 3335 qraamris
416 3261 489 3312 datio
507 3259 537 3311 iu
556 3259 671 3310 solutum
690 3257 728 3310 sit
744 3256 855 3324 illicite,
869 3258 924 3310 nisi
938 3258 983 3312 do·
1035 3270 1090 3324 tus,
1108 3258 1152 3313 dn.
1173 3261 1282 3312 Praeses
1301 3259 1450 3316 disceretis
1469 3263 1560 3334 benef
1579 3265 1662 3320 danti.
1680 3266 1710 3321 in
1728 3270 1809 3324 solut.
1828 3291 1853 3330 c,

161 3353 229 3408 nini
248 3363 392 3405 consensus
404 3345 556 3408 recesserit,
570 3344 675 3394 llertm.
695 3341 792 3396 Pistor.
802 3362 829 3412 p.
845 3354 866 3395 t.
879 3363 924 3416 qu.
943 3357 981 3397 ar.
1037 3356 1059 3398 s.
1080 3363 1108 3396 n.
1130 3353 1190 3396 te.'

161 3436 395 3492 n.ss.1dtemen
415 3433 522 3501 inipso
541 3427 619 3481 leudo
637 3427 980 3498 inpraejudiciumdomi·
1069 3429 1122 3482 Sed
1141 3429 1245 3498 quidsi
1265 3429 1371 3484 tandem
1389 3442 1415 3485 et
1433 3430 1461 3484 in
1479 3433 1669 3490 alienationem
1688 3443 1854 3499 consenserit
1890 3456 1922 3499 ss

160 3521 191 3576 eri
210 3540 264 3576 uon
285 3522 314 3573 iu
333 3521 450 3573 solutum
470 3514 557 3567 drudo
576 3515 670 3566 saltem
689 3511 802 3564 obtinet.
823 3512 912 3582 Longe
929 3513 980 3568 slis
1033 3513 1164 3576 dominus,
1183 3531 1243 3567 curn
1261 3515 1375 3568 ciarrsule
1393 3504 1534 3570 sclao'ruo
1542 3515 1619 3588 jure,
1632 3537 1665 3572 sn
1684 3519 1711 3572 id
1730 3527 1854 3593 operabi-

162 3607 234 3658 retio
250 3615 292 3659 est
308 3605 336 3656 in
357 3602 487 3656 teretibus
498 3609 525 3651 et
538 3595 768 3650 commoditatibus
778 3596 859 3650 teudi.
871 3597 983 3654 Fructus
1036 3606 1078 3648 tur
1096 3597 1161 3650 haec
1178 3599 1333 3662 reservatio,
1353 3609 1382 3652 ut
1402 3599 1526 3653 tlominus
1546 3603 1630 3670 possit
1650 3613 1806 3664 conscissum
1821 3613 1855 3665 ll-

162 3692 237 3744 enim
257 3691 287 3741 in
307 3689 419 3741 scitatum
438 3683 496 3738 deri
522 3699 614 3752 posse,
633 3697 665 3734 ex
684 3682 764 3748 jure,
785 3681 983 3750 quadrassallo
1033 3680 1088 3734 lum
1107 3695 1242 3746 revocare,
1262 3691 1289 3732 et
1307 3681 1344 3732 ito
1362 3682 1548 3736 alienationem
1568 3684 1725 3756 impedire?
1744 3691 1774 3743 Sl
1793 3692 1850 3746 iea-
1892 3691 1923 3734 l·

161 3775 194 3826 in
211 3789 258 3826 eos
276 3770 423 3841 competit,
443 3764 615 3820 sunniiesturn
640 3775 698 3826 est,
719 3761 830 3816 Sebrsd.
848 3761 986 3830 defendis
1035 3764 1097 3817 dum
1116 3765 1168 3831 iam
1188 3774 1243 3816 tum
1262 3763 1419 3831 alienatum,
1436 3766 1499 3836 quia
1516 3783 1558 3819 res
1576 3785 1629 3820 non
1648 3772 1763 3840 emplius
1784 3775 1853 3829 inte.

160 3873 191 3928 p.
206 3869 231 3908 s.
242 3875 265 3910 c.
280 3866 305 3907 s.
319 3872 346 3906 rr.
360 3866 383 3906 s.
397 3862 423 3906 et
434 3851 463 3904 in
468 3847 527 3920 fiac
545 3847 618 3901 Gail.
631 3847 648 3898 l.
664 3859 686 3901 t.
704 3847 764 3900 obr-
787 3857 845 3898 tlt.
863 3863 939 3900 num·
960 3861 983 3900 s.
1033 3863 1095 3917 gre,
1113 3857 1138 3900 et
1155 3847 1257 3916 turpius
1275 3847 1384 3912 ejicitur
1400 3865 1480 3917 qnam
1504 3867 1557 3901 nou
1577 3851 1730 3908 admittitur
1747 3857 1852 3930 hospes,

164 3943 255 3998 Strur.
274 3960 296 3996 c.
326 3949 365 3995 tt.
386 3937 422 3990 tls.
435 3945 488 3990 se.
503 3953 531 3988 n.
552 3945 576 3986 2.
596 3931 700 3986 Meuius
719 3931 747 3985 in
762 3929 872 3984 discute.
884 3931 984 3986 levum.
1035 3948 1093 3999 cup.
1110 3929 1340 4002 quemadmodum
1360 3940 1403 3982 ts.
1425 3949 1454 3984 n.
1473 3933 1506 3986 de
1515 3933 1631 4002 juretur.
1644 3941 1774 3993 revocatio
1793 3959 1856 3994 con.

163 4027 242 4097 inop.
268 4024 381 4079 deditur.
399 4040 423 4075 c.
448 4030 471 4073 t.
495 4029 559 4072 sect.
581 4027 623 4070 tt.
641 4033 669 4066 n·
692 4027 716 4067 s.
735 4013 816 4067 liohl.
834 4013 868 4068 de
892 4015 984 4068 servit.
1034 4031 1125 4068 seusus
1142 4014 1214 4066 nihil
1239 4024 1383 4084 operatur,
1401 4013 1435 4066 ob
1452 4017 1495 4082 jus
1515 4017 1590 4070 alteri
1610 4019 1729 4088 legitime
1747 4029 1854 4094 quaesi.

94 4118 124 4163 ts
151 4111 279 4184 j'eud.p.
300 4121 323 4164 r.
343 4125 371 4161 n.
391 4115 478 4159 til-et
505 4113 549 4154 tt.
568 4101 642 4154 ldena
665 4115 728 4168 ergo
747 4099 987 4154 bebereteseditor
1039 4109 1104 4162 tuor,
1121 4099 1196 4165 cuius
1213 4097 1312 4152 ablatio
1329 4097 1439 4151 domino
1457 4098 1530 4153 t'eudi
1550 4118 1603 4154 non
1621 4105 1749 4175 competit
1768 4123 1822 4176 erg.
1836 4110 1855 4162 1.

162 4200 193 4251 in
212 4195 295 4251 feudo
312 4212 380 4249 noro
397 4190 588 4262 oppignorato,
601 4219 603 4226 ι
614 4187 671 4238 sire
689 4184 817 4238 dominus
835 4185 986 4237 consentiet
1036 4201 1084 4236 uec
1096 4195 1168 4236 unm
1181 4191 1206 4234 4.
1218 4202 1240 4236 c.
1250 4183 1284 4236 de
1297 4182 1463 4251 eraaoacr'pat.
1475 4183 1521 4236 lid.
1535 4185 1587 4238 Sed
1606 4187 1628 4238 si
1641 4185 1751 4243 ieudura
1765 4191 1855 4247 adhue
1893 4190 1925 4233 ts

160 4283 218 4338 sire
238 4299 305 4347 nun,
324 4279 383 4334 scil.
400 4285 429 4330 ut
447 4273 553 4328 tentum
571 4269 686 4323 retineat
701 4265 816 4329 tamdiu,
834 4265 917 4318 donee
938 4264 985 4318 do·
1036 4269 1065 4320 in
1083 4275 1212 4338 potestate
1235 4265 1379 4319 alienaturi
1399 4267 1462 4334 sit,
1488 4267 1613 4333 ridetur,
1640 4276 1754 4326 recocarl
1781 4291 1861 4345 posse

160 4367 238 4421 suino
261 4364 346 4417 luerit
371 4371 509 4433 apertum,
534 4353 604 4408 unde
631 4371 683 4406 nen
710 4349 916 4424 praesumendus
934 4351 988 4407 erit
1035 4365 1193 4416 consensus,
1219 4351 1319 4418 pariter
1338 4369 1367 4404 ac
1386 4359 1474 4422 potest
1493 4350 1646 4407 mandatnm
1666 4371 1695 4409 re
1713 4359 1800 4412 adhuc
1820 4361 1861 4416 ln·

162 4467 308 4508 eousensns
324 4448 487 4502 irustraneue
502 4480 509 4508 ,
527 4440 574 4495 sed
599 4438 711 4509 potius,
737 4446 765 4490 ut
782 4436 842 4506 ipse
861 4433 987 4488 dominus
1040 4443 1112 4504 tegre
1130 4441 1153 4497 t.
1169 4445 1193 4486 s.
1206 4433 1289 4487 instit.
1300 4435 1394 4487 mund.
1407 4435 1427 4486 i.
1442 4438 1484 4490 te.
1494 4435 1576 4506 prff.
1590 4439 1650 4492 eud.
1663 4439 1762 4493 Verum
1777 4459 1858 4512 quem

88 4549 124 4590 ss
160 4555 265 4610 qtsoque
283 4535 348 4588 iude
362 4531 504 4600 obligetur.
523 4525 578 4578 Nec
589 4532 639 4588 est,
651 4519 721 4590 quod
736 4519 986 4588 nabisopponetur,
1038 4517 1172 4572 dissimile
1198 4518 1279 4572 hoca
1303 4520 1428 4574 mamiato
1453 4523 1568 4591 petitum
1591 4535 1773 4592 argumentum
1805 4530 1856 4596 sit,

164 4623 202 4676 ita
220 4620 366 4675 clausulam
395 4614 469 4666 illam
500 4605 699 4664 reservaturiam
730 4604 789 4656 sine
809 4601 903 4658 ellectu
929 4619 988 4656 esse
1037 4601 1150 4672 quisque
1166 4601 1287 4668 advertit.
1305 4601 1413 4658 Nullum
1432 4605 1561 4660 interesse
1578 4605 1658 4660 habet
1672 4611 1862 4682 mandatarius,

164 4706 269 4760 ratione
293 4699 434 4773 principis
458 4714 504 4752 seu
529 4691 632 4748 domini
656 4687 752 4744 senii:
776 4687 887 4743 effeetus
916 4688 990 4742 enirn
1040 4702 1073 4737 sn
1091 4695 1226 4739 revocetur
1245 4688 1411 4754 mandatum,
1430 4706 1465 4742 en
1483 4707 1554 4742 non:
1573 4690 1619 4744 sed
1639 4685 1751 4747 multum
1772 4695 1862 4750 inter·
1899 4685 1933 4730 ⁸⁰

165 4791 284 4860 insignis
313 4787 344 4840 in
374 4787 573 4842 euremari,
603 4785 634 4830 ut
664 4774 689 4828 si
718 4773 836 4827 creditor
859 4787 990 4827 consensu
1041 4769 1212 4837 estrassaili,
1231 4789 1264 4824 ue
1283 4789 1427 4826 cousensus
1446 4774 1528 4828 semel
1547 4789 1687 4829 concessus
1709 4788 1861 4848 revocetur,

163 4873 270 4929 domim
296 4870 428 4925 munitam
455 4863 632 4936 hypothecam
657 4857 775 4924 babens,
793 4857 990 4930 possessionem
1039 4863 1068 4907 ut
1088 4853 1154 4910 adeo
1177 4866 1206 4910 et
1229 4855 1257 4907 id
1277 4853 1351 4908 leudi
1370 4856 1479 4910 domino
1494 4897 1502 4924 ,
1520 4857 1590 4928 quod
1608 4858 1642 4911 sb
1660 4859 1740 4914 initio
1758 4871 1799 4915 est
1816 4879 1863 4917 ro-

166 4959 241 5012 l'eudi
260 4957 344 5011 inerit
362 4964 464 5018 nactus,
484 4965 538 5002 nou
557 4945 641 5018 possit
657 4945 794 4998 declinere
805 4943 916 4996 seruitia
935 4938 991 4996 ieu·
1041 4939 1163 5006 luctetis,
1181 4955 1215 4993 ex
1234 4950 1296 5011 post
1313 4939 1385 4993 iacto
1402 4936 1451 4993 fiat
1469 4941 1637 4996 necessitatis
1655 4958 1714 5014 erg.
1728 4943 1744 4996 1.
1760 4957 1783 4997 e.
1796 4945 1865 5000 nde

167 5043 238 5098 dalla
256 5039 440 5094 multominus
455 5031 544 5106 possit
556 5029 694 5081 dominum
707 5026 842 5098 principis
855 5025 990 5079 directum
1041 5024 1096 5078 obl.
1107 5033 1134 5078 et
1147 5033 1201 5078 oct.
1212 5023 1284 5078 unde
1304 5023 1442 5076 manicam
1456 5034 1518 5096 post
1529 5041 1686 5080 eonsensum
1699 5028 1781 5082 semei
1793 5045 1866 5099 prae·

165 5128 196 5182 in
216 5125 328 5181 dubium
347 5125 526 5184 sommant
550 5115 613 5168 eliis
630 5111 758 5164 oneribus
773 5109 876 5179 quibus·
887 5109 990 5163 obstri-
1043 5108 1135 5162 stituru
1159 5107 1294 5179 poenitere
1320 5125 1372 5161 non
1399 5123 1496 5178 posse,
1525 5109 1659 5166 concludit
1690 5111 1803 5168 Schrad.
1833 5115 1867 5170 de

165 5219 300 5268 truserat
318 5205 462 5270 vassallus,
481 5217 509 5253 se
527 5196 734 5260 subtrabere3‘ut
751 5195 788 5247 ite
807 5193 932 5246 dominus
946 5191 990 5244 di·
1032 5187 1173 5262 saud-qn.
1189 5199 1227 5245 to.
1241 5201 1304 5246 rect.
1319 5205 1343 5245 t.
1356 5210 1383 5244 n.
1402 5201 1460 5245 tot.
1479 5202 1508 5246 ct
1526 5193 1559 5245 sb
1577 5211 1608 5247 eo
1627 5193 1655 5246 iu
1675 5205 1765 5265 partes
1785 5197 1868 5251 vocati

165 5309 208 5352 ete
226 5297 343 5352 clausula
361 5289 415 5347 sibi
433 5283 621 5347 reservarent,
640 5279 683 5332 die
696 5278 828 5349 Regulien
841 5268 910 5332 inlr'e
922 5275 1002 5330 Boc·
1041 5275 1088 5328 dd.
1106 5292 1167 5328 anm
1186 5286 1212 5328 et
1232 5275 1277 5328 laic
1294 5275 1407 5330 clausula
1425 5277 1502 5332 salso
1516 5277 1581 5348 jure
1597 5277 1686 5351 quaed
1705 5281 1785 5334 semel
1803 5295 1866 5334 cott-

168 5375 356 5450 eauersigleit,
368 5360 761 5434 deins-audluadsrirstliclre
779 5361 990 5434 Gereclrtigkru't,
1044 5373 1118 5412 resse
1138 5358 1209 5410 nihil
1227 5359 1333 5430 operari
1352 5369 1451 5430 potest.¹

170 5463 362 5523 Ritterdieaste
376 5458 433 5516 und
445 5453 622 5528 terpretetur,
635 5450 690 5504 rid.
699 5449 791 5520 o'arpz.
802 5464 829 5515 ρ.
847 5458 870 5500 2.
883 5447 991 5501 constit·
1080 5443 1119 5496 Ex
1140 5443 1183 5496 hie
1199 5444 1326 5500 omnibus
1344 5447 1396 5513 jesu
1416 5455 1489 5517 patet
1506 5445 1628 5512 abunde,
1641 5447 1668 5504 ia
1680 5449 1737 5503 lllis
1748 5465 1868 5520 quaeer-
1908 5463 1939 5509 u

172 5562 216 5606 ss·
234 5547 290 5622 def⁴
305 5561 346 5602 rt.
358 5547 436 5600 liert.
456 5543 554 5596 Pistor.
567 5539 594 5595 d.
607 5555 650 5610 qu.
668 5544 709 5588 ts·
725 5535 778 5588 l’et.
796 5531 875 5601 ltetg.
889 5549 917 5599 p.
929 5541 953 5583 r.
966 5548 991 5603 q.
1045 5543 1135 5600 presse
1153 5535 1225 5590 sunt,
1243 5528 1298 5583 rim
1316 5529 1523 5600 suamperdere
1540 5533 1681 5588 clausulam
1698 5534 1770 5587 illam
1784 5551 1873 5590 reser-

87 5653 124 5700 ss
170 5647 216 5693 tt.
233 5651 261 5692 u.
274 5647 298 5692 s.
310 5647 366 5706 req.
378 5629 423 5704 qui
442 5629 500 5702 ipse
518 5639 547 5679 a.
569 5633 608 5678 ts.
626 5617 754 5692 subjicit,
767 5617 793 5674 si
816 5615 942 5672 mutuus
959 5616 1007 5672 in·
1046 5611 1188 5684 sutoriam,
1207 5611 1236 5666 lt
1252 5629 1316 5670 sero
1328 5614 1453 5688 opererl,
1466 5623 1498 5672 ut
1510 5631 1563 5672 nou
1578 5632 1701 5690 expresse
1715 5619 1802 5676 attala
1813 5639 1869 5676 rue·
