4404 6242
236 253 282 322 ,o
608 250 656 304 nr:
674 249 747 304 sac.
766 248 867 304 runc.
886 247 993 304 cunct
1012 244 1076 302 sus
1095 243 1221 303 nescu
1240 248 1434 306 sonticus.
1767 243 1819 315 ¹552

190 360 230 402 st.
246 347 307 400 Etsi
325 347 399 402 edm
417 348 482 402 alias
495 347 605 402 euilibst
616 347 740 417 bospites
752 346 870 416 recipere
889 347 1000 416 pumir-
1047 344 1199 408 .tnere;.sed
1218 347 1336 415 loquitur
1350 357 1434 403 testu
1453 344 1488 401 de
1498 347 1693 402 decurionibus
1711 347 1872 410 civitatum,

184 447 245 484 sum
265 433 315 498 sit,
336 431 407 486 Berl-
427 435 485 486 ded.
505 447 528 486 t.
547 449 575 484 n.
596 442 620 484 2.
634 440 802 485 nontamen
822 429 883 498 quis
903 431 1002 482 inritus
1048 445 1166 497 ,quorum
1187 437 1239 480 tum
1259 432 1345 500 unrplu
1365 449 1416 484 uon
1436 443 1474 485 est
1492 445 1621 504 potestas,
1641 435 1758 504 principi
1776 445 1867 490 auten

183 521 244 584 cogi
263 527 350 587 potest
366 519 484 590 recipere
502 518 634 588 hospitem
652 518 671 568 l.
692 531 715 570 t.
735 523 758 578 t.
782 526 803 570 t.
817 515 843 567 d.
856 516 874 568 l.
888 513 958 582 (nisi
972 513 1001 566 in
1048 511 1105 564 ‚hoo
1122 512 1203 565 licere
1220 513 1322 566 nullum
1341 526 1383 568 est
1401 515 1520 570 dubium.
1540 519 1628 571 llabu.
1646 519 1677 570 ud
1700 521 1832 572 Weseolr.
1845 521 1871 572 d.

180 616 247 652 csso
266 611 423 654 metatorum
442 613 468 656 et
486 601 653 656 doctrinalis
671 599 785 654 militine
798 601 817 652 l.
832 611 888 652 t.c.
901 598 933 652 de
946 618 1001 652 me-
1047 595 1072 646 ¹l.
1090 613 1118 648 n.
1140 606 1164 646 t.
1178 595 1314 653 Caeterum
1336 597 1364 649 in
1382 610 1509 669 quuntum
1528 603 1588 672 quis
1607 612 1728 657 tencatur
1746 602 1871 658 lcumen-

179 682 252 753 tnt.)
271 686 488 756 Multoproinde
507 685 613 738 utiliorn
629 694 695 738 sont
715 682 819 753 publico
839 683 1000 748 diserwria,
1055 688 1109 732 tum
1129 679 1245 750 eliasque
1264 698 1305 735 res
1325 683 1355 734 in
1374 701 1434 736 casu
1452 686 1616 756 puhlutilit.
1635 688 1751 742 rendere
1763 690 1801 742 rol
1816 706 1870 742 uon

180 786 293 840 quorum
311 771 439 840 ootiponi,
458 771 568 822 siruuloc
586 767 779 839 professionem
798 767 890 830 dedit,
906 777 936 818 ‚et
953 765 1000 818 bo-
1052 761 1151 814 dictum
1171 781 1283 836 supree
1313 777 1337 818 s.
1356 784 1383 820 n.
1404 779 1447 821 st.
1463 783 1488 823 et
1507 767 1590 822 insius
1616 771 1663 826 luc
1683 771 1717 824 de
1734 773 1869 828 resideti

183 855 260 922 spitii
279 854 384 922 signum
402 854 562 916 ostentssit,
575 853 715 906 necessitas
733 850 905 920 recipiendi,
919 859 946 902 et
959 867 1001 902 re·
1047 855 1143 913 potest
1163 846 1207 898 dn.
1229 849 1313 916 Zieel.
1324 851 1365 904 ⁴de
1378 851 1434 920 jur.
1454 871 1597 908 commem.
1617 857 1654 908 tn.
1676 867 1716 908 ss.
1732 873 1806 928 seqq.

181 948 257 1006 cepta
272 937 500 1002 restituendi,rt·l
512 936 672 990 urnissorum
690 936 904 989 aestimationem
922 951 999 1003 prae7
1079 929 1128 980 ’Μ
1148 947 1236 983 rerum
1252 935 1382 986 resalium
1401 937 1613 992 uestimstiouem
1634 952 1750 1012 spostant
1768 961 1871 1014 quoque
1909 939 1939 980 ³²

181 1020 272 1074 standi
290 1022 429 1074 incumbit.
446 1032 465 1073 t.
484 1034 503 1076 t.
521 1031 599 1088 cnut.
617 1037 698 1089 caup.
715 1023 788 1073 bles.
798 1031 877 1090 ,pare
898 1033 922 1072 s.
946 1021 1002 1074 dec,
1052 1011 1118 1077 juste
1139 1015 1254 1083 pondere
1273 1026 1301 1068 et
1320 1035 1475 1084 mensures,
1490 1021 1559 1074 unde
1572 1021 1628 1075 t'ere
1647 1027 1675 1076 in
1694 1027 1820 1080 omnibus
1834 1028 1872 1078 eb

184 1115 229 1158 st.
247 1125 274 1158 n.
298 1119 320 1155 ι.
338 1107 394 1158 Nec
413 1107 461 1160 boc
481 1106 606 1175 iniquum
626 1117 680 1170 est,
700 1106 761 1160 licet
786 1104 933 1158 mercedem
954 1124 1001 1175 pro
1049 1097 1175 1152 sitatibus
1193 1101 1333 1168 ιῇιιιιιιοάἰΙ
1351 1121 1392 1158 ιιι
1416 1108 1559 1175 signsculis
1574 1111 1703 1166 civitatis
1725 1112 1873 1184 imignites

181 1188 304 1243 custodio
322 1205 373 1241 noo
393 1189 525 1256 occipiat,
537 1206 598 1240 num
617 1199 644 1241 et
661 1189 727 1241 lullo
744 1199 770 1242 ct
787 1190 934 1242 sarcinator
946 1207 999 1240 non
1053 1179 1180 1236 videmus·
1200 1185 1253 1238 Du·
1277 1188 1391 1242 Frllsch·
1409 1192 1442 1244 de
1461 1195 1546 1247 nund-
1564 1213 1585 1248 θ·
1604 1207 1632 1248 ⁸·
1650 1205 1670 1260 §-
1694 1209 1734 1252 ¹³·

178 1289 228 1342 pro
247 1270 383 1334 eustolia,
402 1270 448 1322 sed
475 1285 520 1340 pro
545 1280 599 1320 arte
625 1270 773 1321 mercedem
798 1273 954 1338 occipiunt,
973 1283 999 1324 et
1089 1269 1149 1320 Huc
1175 1271 1309 1340 pertinent
1333 1276 1487 1346 oenopoliis,
1507 1283 1553 1348 qui
1578 1281 1612 1333 ob
1639 1284 1693 1334 util.
1721 1283 1793 1354 publ.
1818 1301 1871 1340 non
1910 1297 1941 1336 33

178 1365 270 1408 temen
294 1351 429 1406 custodire
454 1352 563 1404 nomine
587 1365 620 1400 ex
650 1352 734 1402 locuto
764 1360 903 1417 tenentur,
935 1363 997 1404 sunt
1052 1351 1177 1404 omnibus
1198 1357 1345 1423 promiscue
1373 1362 1553 1429 permittenda
1580 1376 1650 1418 sunt.
1668 1367 1736 1420 Mer.
1763 1368 1867 1438 aditis.

180 1441 258 1495 serbo
277 1440 296 1491 l.
310 1451 331 1490 s.
345 1437 371 1489 d.
385 1446 404 1492 t.
423 1446 499 1488 notet.
514 1453 592 1502 cnop.
608 1431 733 1502 Gaipaor.
746 1443 902 1502 p-t.c.ts.
919 1435 999 1486 Porro
1051 1433 1108 1484 lud.
1127 1435 1145 1486 l.
1170 1449 1191 1488 s.
1219 1439 1262 1490 tit.
1287 1451 1309 1489 ι.
1336 1452 1388 1492 ort.
1411 1445 1451 1494 t‘r.
1471 1465 1498 1498 n.
1527 1457 1551 1500 t.
1570 1449 1646 1503 Siout
1670 1451 1743 1504 enim
1763 1453 1872 1508 0111th

179 1536 205 1579 et
222 1525 288 1577 utile
304 1530 389 1584 esset,
409 1519 432 1570 si
452 1517 615 1588 curipouittus
635 1531 682 1584 pro
702 1513 824 1566 mercede
841 1523 913 1566 certa
935 1520 994 1562 toxa
1051 1525 1103 1561 noti
1121 1520 1245 1572 convenit
1269 1521 1357 1587 plures
1379 1522 1518 1582 adsumere
1540 1529 1625 1598 circs,
1645 1527 1724 1602 que'rn
1751 1538 1869 1608 alitpoo·

179 1609 419 1680 praescriberetur,
436 1603 505 1672 quod
527 1601 555 1652 in
580 1599 723 1666 Nor-iberg.
749 1615 806 1666 rep.
830 1613 878 1648 osu
898 1593 999 1648 sorrsri
1052 1602 1128 1654 suots
1147 1594 1184 1646 ita
1204 1611 1252 1646 nec
1269 1604 1419 1650 consultum
1444 1622 1495 1664 ιιι,
1516 1613 1607 1673 plum
1632 1617 1771 1676 ,nmium
1788 1643 1866 1678 oeno,

182 1688 262 1746 t'rudit
283 1691 327 1742 ιιι.
347 1687 465 1740 Fritscb.
479 1685 505 1736 d.
517 1683 536 1736 l.
554 1693 583 1736 st
600 1683 714 1751 siugulis
733 1679 933 1749 magistratibus
952 1693 995 1729 se·
1051 1678 1139 1748 polus,
1159 1679 1281 1748 quomqui
1295 1699 1353 1735 cum
1367 1683 1440 1737 lucro
1459 1695 1511 1740 um
1531 1689 1682 1760 reip-quam
1700 1708 1863 1768 privatorum

183 1777 225 1830 rio
243 1772 394 1842 injungitur
413 1771 441 1822 in
461 1770 520 1822 ord.
531 1766 611 1835 polit.
628 1767 661 1819 de
679 1783 755 1822 cttno
778 1776 852 1818 ttto.
874 1763 912 1816 tit.
937 1763 998 1816 Vcn
1053 1762 1102 1812 hoc
1115 1764 1244 1832 negotium
1260 1773 1369 1819 trectsre
1385 1782 1502 1838 possunt.
1516 1773 1584 1824 bier.
1598 1775 1623 1827 ri.
1633 1777 1653 1827 1.
1666 1792 1717 1830 css.
1728 1793 1768 1832 ιι.
1784 1801 1809 1834 n.
1829 1797 1871 1836 ιι.

181 1869 291 1912 strenrer
304 1857 433 1926 Zeisrung
446 1854 497 1908 der
514 1849 625 1904 Wirtlre.
1091 1844 1130 1894 td
1149 1846 1365 1900 commerciorum
1385 1853 1592 1907 emolumentum
1606 1867 1630 1908 et
1642 1859 1709 1924 reip.
1723 1864 1868 1916 utilitatem
1906 1879 1939 1924 st

222 1942 348 2013 Quemvis
366 1952 451 1994 autem
470 1935 692 1996 commerciorum
712 1929 786 2000 rigor
804 1929 913 1982 libertos
932 1927 1000 1998 reip.
1051 1945 1154 1998 quoque
1167 1931 1344 1985 necessarium
1357 1943 1412 2000 est,
1426 1951 1460 1988 ne
1474 1945 1577 1990 moneta
1590 1937 1729 2010 deponsata
1743 1943 1770 1995 io
1786 1962 1870 2022 remp.

183 2030 379 2082 incrementum
399 2025 461 2088 det,
480 2021 579 2093 poterit
599 2031 685 2073 {niueo
711 2018 774 2070 boec
791 2017 901 2070 libertas
919 2015 1002 2068 detri-
1053 2013 1308 2082 introducatur,sed
1327 2017 1355 2069 in
1374 2017 1443 2071 bono
1461 2027 1531 2072 statu
1549 2021 1692 2076 secondum
1704 2027 1874 2084 constitutio·

182 2125 272 2168 mento
298 2113 397 2165 iterum
416 2125 487 2172 esse,
506 2107 531 2159 si
555 2106 614 2176 quis
632 2121 661 2156 ea
688 2103 822 2166 inritatur,
842 2111 867 2153 et
885 2100 1001 2170 pretium
1054 2112 1100 2148 nes
1120 2095 1228 2169 imperii
1247 2114 1431 2166 consecretur,
1450 2103 1523 2155 nibil
1542 2103 1671 2159 hodierno
1688 2085 1777 2164 iecoto
1796 2131 1870 2166 com.

185 2215 274 2252 rerum
302 2215 351 2266 pro
375 2194 465 2246 lubitu
485 2191 628 2244 constituat
652 2197 678 2240 et
696 2198 796 2256 augeat.
822 2185 894 2236 llinc
917 2183 1001 2252 megi·
1056 2183 1161 2235 mttnius
1179 2185 1340 2254 negligitur,
1357 2195 1385 2240 et
1405 2189 1518 2242 mutatio
1538 2199 1703 2243 monetarum
1723 2203 1811 2248 tantas
1829 2199 1868 2248 ri-

182 2291 281 2335 stratus
303 2290 359 2342 est,
385 2277 540 2350 providere,
570 2283 599 2326 ut
624 2290 727 2325 sunone
751 2272 835 2340 (quse
861 2270 889 2322 iu
915 2269 1000 2321 latiori
1055 2263 1129 2317 delur
1147 2267 1233 2335 egisse
1251 2269 1467 2332 radices,ntrix
1485 2271 1614 2325 eradicari
1632 2282 1873 2348 quest,etproio-

182 2383 261 2420 sensu
280 2361 486 2436 comprehendit
514 2360 695 2424 frumentum,
720 2357 830 2418 sinum,
854 2371 960 2406 minem
981 2364 1004 2407 et
1056 2348 1089 2402 de
1107 2349 1237 2420 deplorari
1258 2354 1348 2424 potius
1366 2371 1444 2425 quem
1464 2357 1562 2410 mttteri
1581 2359 1679 2428 possit,
1698 2361 1794 2429 quibus
1813 2383 1874 2434 que·

181 2452 233 2504 elia
253 2449 403 2503 rictunliut
430 2457 448 2498 t.
467 2464 491 2498 e.
507 2444 540 2498 de
559 2461 633 2513 erog.
652 2441 810 2510 milone.)
831 2442 901 2506 insto
917 2439 1003 2508 pretio
1057 2435 1120 2485 rell!
1140 2436 1210 2506 pleni
1230 2449 1292 2491 sont
1311 2438 1355 2490 dd.
1373 2439 1453 2509 libri,
1473 2453 1497 2495 et
1515 2440 1599 2494 iusius
1623 2445 1671 2496 hoc
1692 2445 1720 2497 iu
1746 2453 1870 2503 orande

183 2534 331 2596 seudntur,
349 2549 383 2584 ue
402 2531 623 2584 commerciorum
643 2527 756 2589 raritas,
776 2535 822 2577 eut
846 2524 998 2590 indigentia
1054 2519 1141 2586 pestil.
1167 2521 1208 2574 rei
1225 2533 1325 2576 monet.
1345 2533 1439 2578 motet.
1461 2529 1630 2598 persequitur
1648 2531 1755 2601 Hcrpp.
1776 2535 1815 2587 ad
1831 2537 1871 2586 sis.

184 2621 288 2694 publica
309 2626 440 2688 sepiuntur.
460 2616 476 2666 l.
500 2611 557 2684 κῇ
577 2629 644 2666 euro
665 2609 759 2663 cornis
781 2621 821 2661 tt.
824 2605 866 2676 ff
880 2608 913 2661 de
924 2605 1002 2678 offic.
1059 2604 1084 2654 I·
1103 2603 1137 2656 de
1153 2607 1227 2674 publ.
1240 2607 1326 2676 judic.
1346 2615 1369 2671 ς.
1390 2620 1413 2660 t.
1433 2627 1460 2659 n.
1481 2619 1524 2662 st.

180 2701 342 2778 praesinti.
356 2703 373 2751 l.
397 2700 498 2752 t.c.de
520 2698 600 2768 epiro.
621 2695 686 2746 And.
706 2693 807 2745 Ecbolt.
828 2691 866 2744 od
882 2691 921 2744 tit.
937 2691 1003 2742 cdl.
1093 2687 1135 2741 De
1153 2690 1331 2743 nundinorum
1350 2691 1470 2744 utilitate
1489 2693 1517 2744 in
1544 2711 1602 2765 rep.
1622 2693 1754 2768 integrum
1775 2708 1872 2755 tracta·
1911 2715 1942 2755 st

181 2791 233 2859 p'ul.
247 2789 280 2840 de
294 2803 360 2840 onn.
377 2787 434 2835 noo
452 2783 530 2835 modo
550 2785 663 2850 pretium
678 2778 770 2848 panis,
783 2777 861 2828 rtnius
880 2791 914 2826 so.
928 2791 1006 2826 num·
1059 2780 1114 2826 tum
1135 2775 1245 2846 scripsit
1263 2776 1308 2828 du.
1328 2775 1492 2842 l'ritschius,
1509 2780 1555 2848 qui
1575 2779 1659 2834 sideri
1679 2793 1770 2851 potest.

182 2874 222 2925 sni
235 2873 408 2923 constitutum
423 2870 440 2920 l.
454 2883 501 2919 un·
516 2883 537 2916 e.
558 2865 659 2916 Tireod.
671 2865 704 2914 de
716 2863 796 2914 Por.
806 2857 887 2929 ponis
902 2858 948 2912 lib.
965 2869 1003 2910 tt.
1096 2858 1242 2912 societates
1261 2868 1288 2912 et
1305 2861 1414 2930 collegia
1436 2861 1594 2930 regulariter
1613 2881 1670 2917 esse
1690 2867 1799 2930 illicito,
1820 2871 1873 2923 uisi
1915 2895 1945 2934 ιε

184 2956 258 3010 idem
273 2954 392 3026 piscibus
411 2949 558 3004 vendendis
578 2949 729 3018 impositum
743 2947 762 2996 l.
776 2963 822 2997 rin.
837 2963 859 2996 c.
874 2943 1005 2996 theodole
1057 2960 1072 2994 ι
1091 2943 1212 3014 principe
1232 2945 1270 2997 vel
1295 2946 1450 3015 magistratu
1475 2943 1629 3004 confirmata
1653 2951 1725 3016 sint,
1745 2962 1817 3022 patet
1837 2975 1874 3009 ex

182 3052 251 3113 pret.
273 3039 362 3110 piscis.
383 3036 438 3091 Etsi
465 3035 536 3086 enim
564 3033 624 3101 quis
651 3029 716 3082 olias
742 3045 789 3098 pro
815 3024 902 3077 lubitu
921 3028 1007 3094 pretio
1059 3025 1079 3076 1.
1101 3039 1123 3079 ι.
1141 3045 1185 3098 pr.
1204 3031 1258 3082 etl
1287 3042 1311 3082 s.
1327 3037 1349 3094 t.
1371 3028 1446 3100 ιβ’.
1466 3032 1578 3086 decoll.
1598 3045 1624 3088 et
1649 3053 1722 3104 corp.
1741 3038 1823 3110 idque
1840 3044 1874 3096 ob

186 3141 353 3196 quocumque
373 3138 416 3174 res
434 3136 495 3173 suus
515 3116 626 3168 uendere
644 3113 737 3184 possit.
754 3113 773 3163 l.
787 3109 914 3162 inuitum.
934 3120 973 3158 tt.
985 3126 1008 3161 c.
1061 3126 1161 3168 metum
1182 3117 1341 3184 lactionum,
1357 3138 1417 3174 cum
1430 3123 1501 3174 nullu
1521 3123 1548 3176 in
1569 3140 1623 3194 rep·
1636 3127 1775 3194 capitalior
1792 3133 1876 3201 pestis

124 3213 131 3225 ⁴
189 3210 223 3262 de
235 3214 412 3272 contr-empt.
425 3213 449 3256 et
462 3201 490 3252 in
505 3199 596 3270 pretio
612 3193 759 3266 emptionis
772 3189 934 3244 venditionis
947 3193 1009 3242 eou-
1061 3197 1203 3266 sit,quam
1222 3210 1252 3253 ul
1271 3201 1368 3271 singuli
1389 3223 1436 3274 pro
1456 3205 1544 3258 lubitu
1562 3209 1664 3276 possint
1683 3211 1753 3264 inter
1773 3231 1800 3266 se
1819 3217 1875 3270 coi.

188 3289 352 3346 tnheuibus
370 3305 398 3340 se
417 3282 610 3338 circumvenire
629 3279 788 3333 naturaliter
806 3277 913 3328 licitum
932 3275 969 3325 sit
988 3276 1006 3327 l.
1061 3296 1102 3342 re,
1124 3279 1192 3333 unde
1211 3284 1338 3337 tumultus
1357 3295 1385 3338 et
1405 3287 1522 3340 maxima
1541 3289 1665 3346 aduersus
1684 3295 1780 3368 liemp.
1800 3303 1874 3369 peri·

183 3378 219 3432 in
233 3391 334 3430 ceterae
350 3367 644 3438 tt.§.t.ff.dentinor.
656 3361 847 3418 limitationem
862 3369 950 3413 temen
962 3359 1012 3413 boc
1060 3365 1116 3418 cols
1142 3365 1283 3432 oriuntur,
1300 3368 1422 3421 Menocb.
1447 3375 1480 3428 de
1505 3393 1531 3426 o.
1544 3373 1568 3444 Ῐ,
1596 3397 1622 3446 p,
1648 3377 1666 3430 ι,
1694 3389 1717 3431 2.
1736 3398 1792 3435 ω,
1814 3397 1873 3436 sot.

184 3461 284 3530 recipit
303 3459 331 3510 in
350 3455 481 3509 rebusad
501 3453 598 3508 rictum
618 3449 806 3522 quotidianum
834 3445 1007 3509 necessariis,
1061 3447 1199 3518 Postquam
1217 3466 1277 3504 rero
1290 3457 1612 3526 suntapprolnte‚(sire
1625 3477 1751 3532 expresse
1764 3467 1819 3520 sire
1833 3485 1878 3535 per
1915 3463 1945 3502 ³⁷

185 3563 252 3618 qune
272 3556 400 3614 utroquo
422 3541 508 3613 pretio
531 3549 639 3592 veneunt
663 3538 732 3609 reip.
755 3538 875 3587 interest.
902 3535 1005 3603 flarpp.
1061 3535 1214 3604 potientium
1237 3545 1264 3587 et
1288 3537 1510 3606 permissionem,
1528 3547 1660 3600 Wesenb,
1687 3553 1725 3601 ad
1743 3551 1783 3603 pp,
1802 3555 1876 3621 ,lump

188 3633 227 3686 ud
243 3631 285 3684 tlt.
306 3641 328 3681 t.
347 3629 380 3682 rie
397 3627 471 3696 publ.
487 3626 546 3695 jud.
566 3631 588 3688 ς.
611 3635 651 3676 ιι.
671 3641 699 3674 n.
716 3632 757 3672 ss.
773 3619 885 3687 llering.
903 3617 936 3670 de
949 3635 1008 3668 mn·
1060 3619 1105 3673 cui
1121 3621 1237 3674 univers.
1255 3637 1281 3672 n.
1303 3621 1347 3690 s.)
1361 3639 1450 3674 eorum
1470 3627 1553 3680 bouus
1572 3631 1638 3684 ordo
1658 3647 1794 3688 conserunt
1812 3637 1876 3688 riri·

192 3717 265 3769 leod.
290 3735 335 3786 qn.
359 3726 398 3766 tt.
419 3729 446 3764 n.
468 3723 510 3763 st.
529 3707 610 3760 Modo
632 3716 719 3760 tamen
742 3705 859 3776 pretium
886 3703 934 3755 boc
954 3717 1007 3753 non
1062 3715 1139 3768 tetes,
1159 3716 1183 3758 et
1200 3704 1260 3758 iden
1280 3703 1403 3758 instituta
1423 3719 1501 3771 sunt.
1523 3721 1550 3762 ut
1577 3719 1749 3770 necessarium
1769 3739 1875 3790 oper-..m

189 3801 273 3854 certis
292 3797 412 3871 personis
439 3795 467 3846 in
491 3809 581 3846 eorum
606 3790 698 3842 uilium
730 3785 1007 3854 constituntur,quod
1061 3789 1175 3859 publicis
1194 3789 1338 3841 exhilteunt
1355 3791 1517 3846 utilitatibus
1535 3795 1716 3872 isempens.
1740 3801 1878 3872 ¹²·ff‘i2

191 3883 358 3954 prohibitum
378 3881 397 3931 l.
417 3895 495 3930 nemo
515 3885 632 3926 exterus.
652 3885 677 3925 s·
690 3891 719 3925 ·c.
737 3871 770 3924 de
783 3868 902 3941 judaeis.
917 3870 1008 3938 ltsque
1057 3875 1112 3944 jon
1124 3874 1236 3927 immun.
1258 3874 1315 3927 lmo
1334 3871 1441 3944 opificis
1460 3877 1523 3930 iude
1542 3877 1611 3932 dicta
1630 3895 1705 3950 suut,
1718 3887 1787 3956 quod
1806 3891 1877 3944 lucri

191 3968 237 4020 his
255 3980 416 4033 consopiens
429 3974 481 4026 est,
495 3959 565 4012 nihil
586 3957 668 4024 magis
688 3957 817 4008 iuteresse
837 3955 914 4026 Reip.
928 3971 1006 4024 quam
1060 3958 1234 4012 redondrintis
1252 3975 1341 4022 ceusu,
1357 3959 1423 4032 reip.
1442 3980 1519 4032 opem
1541 3962 1626 4017 lerant
1645 3977 1670 4019 et
1689 3987 1753 4038 opes
1769 3973 1875 4028 Aristot.

190 4048 301 4102 l'raudes
320 4047 389 4099 circa
406 4059 526 4096 annonas
546 4040 626 4095 luctas
645 4041 731 4108 detegi
752 4049 778 4092 et
796 4041 923 4105 coerceri,
939 4045 1009 4098 We·
1060 4043 1080 4095 l.
1095 4055 1119 4094 ι.
1128 4042 1206 4112 polit.
1220 4057 1243 4092 c.
1258 4051 1282 4094 s.
1296 4042 1374 4113 Quod
1392 4054 1478 4097 autem
1501 4059 1597 4100 metum
1613 4045 1755 4106 lactionum
1768 4057 1876 4125 cutinei,

188 4121 1007 4200 ·senb.nd1.1'ul.dennn.n.s.qonfioiintrestl.p'ul.
1062 4127 1105 4180 bic
1130 4126 1208 4181 hodie
1234 4128 1380 4195 evanescit,
1401 4127 1465 4182 dum
1491 4149 1543 4184 noo
1575 4134 1745 4200 conceditur,
1769 4140 1878 4206 collegis

195 4221 229 4274 de
248 4235 314 4272 nnn.
332 4217 401 4287 qnod
421 4215 547 4268 delictum
574 4214 639 4266 adeo
662 4213 858 4282 privilegiatum
876 4221 917 4264 est
934 4223 964 4265 ut
981 4224 1008 4269 et
1059 4211 1215 4277 convenire,
1234 4211 1287 4264 nisi
1305 4212 1404 4269 sciente
1421 4218 1576 4288 magistratu
1594 4228 1622 4272 et
1640 4223 1821 4291 praesentibus
1842 4203 1876 4280 ἐ.

190 4305 291 4358 mulier
308 4311 337 4354 et
354 4316 445 4353 servus
465 4299 496 4350 ed
516 4299 690 4351 accusandum
709 4295 889 4350 admittantur
907 4298 925 4348 l.
949 4309 970 4348 t.
983 4297 1007 4372 ς.
1053 4293 1159 4363 'jusdem
1179 4295 1322 4366 deputatis.

196 4399 221 4440 t.
241 4387 266 4438 d.
286 4395 305 4437 t.
325 4387 342 4436 1.
366 4397 407 4439 tt.
424 4384 458 4436 de
476 4399 566 4438 aecus.
581 4383 653 4451 Quot
667 4381 754 4433 enodis
772 4389 857 4431 notem
878 4381 1007 4448 ejusmodi
1096 4379 1206 4434 Interest
1225 4397 1328 4452 qttoque
1346 4383 1412 4454 reip.
1430 4404 1465 4441 nc
1482 4391 1649 4444 cumulentur
1667 4393 1776 4468 collegia
1791 4407 1818 4452 et
1836 4401 1876 4453 of.
1915 4409 1944 4447 ss

191 4471 300 4527 fraudes
318 4490 332 4522 a
352 4469 519 4523 durdnunriis
538 4464 838 4520 committanturtradit
856 4463 901 4518 dn.
921 4465 1008 4522 Strui·
1061 4461 1136 4530 licia,
1156 4464 1200 4518 sed
1227 4466 1316 4535 potius
1342 4467 1554 4540 distinguantur,
1581 4493 1613 4528 ne
1638 4477 1700 4530 dum
1727 4483 1878 4550 promiscue

191 4561 225 4613 de
244 4573 348 4610 onnon.
367 4557 404 4607 tin
426 4565 468 4607 ιι.
1060 4551 1175 4621 quilibet
1193 4551 1302 4621 quodvis
1321 4551 1441 4610 officium
1463 4566 1572 4611 tractare
1591 4562 1717 4628 intendit,
1732 4585 1809 4620 nemo
1828 4572 1876 4635 sit,

109 4668 150 4712 ⁸⁰
229 4640 372 4712 Quaeritur
384 4649 471 4692 atatem
491 4638 537 4690 bic
556 4655 643 4692 ennon
663 4639 691 4689 iu
712 4655 766 4710 rep.
787 4647 940 4710 perpetuum
961 4637 1010 4691 nli·
1060 4637 1106 4706 qui
1126 4647 1207 4690 ortem
1226 4653 1260 4689 ex
1280 4639 1420 4710 principiis
1438 4641 1572 4710 addiscat,
1587 4648 1676 4716 plures
1696 4651 1811 4706 rationes
1831 4645 1892 4708 lta-¹

190 4727 264 4799 quod
283 4736 311 4779 et
330 4732 453 4778 constuns
473 4723 600 4776 irumenti
622 4724 738 4793 pretinm
759 4725 843 4794 possit
862 4724 1010 4778 constitui?
1063 4719 1107 4772 bot
1127 4719 1173 4773 dn.
1186 4719 1300 4790 Zieglrr.
1313 4720 1410 4794 dejur-
1424 4744 1564 4782 recimere.
1579 4729 1626 4800 (in
1641 4751 1729 4787 exerc.
1745 4735 1878 4811 Fritscli.)

189 4809 261 4880 qood
287 4811 374 4880 ipsum
404 4825 457 4860 non
486 4815 588 4860 tontum
615 4808 757 4882 possibile,
777 4806 821 4860 sed
844 4817 871 4860 et
894 4808 1010 4862 menime
1062 4806 1154 4858 tinet.
1174 4805 1296 4877 ideoque
1315 4809 1445 4878 puniendi
1464 4815 1594 4883 suut,qui
1614 4817 1724 4872 ulterius
1742 4817 1877 4878 officio„

190 4895 260 4948 utile
279 4911 335 4948 esse
355 4901 427 4962 putat
444 4891 489 4944 dn.
504 4891 698 4947 trutinentur
715 4894 732 4944 l.
748 4893 835 4958 pretia
854 4909 955 4947 rerum.
968 4906 1010 4948 ss.
1062 4893 1222 4946 immiscent.
1242 4894 1260 4952 t,
1278 4895 1469 4962 inprocincr'is.
1483 4909 1506 4949 t.
1525 4899 1558 4952 de
1571 4919 1709 4958 numeror.
1727 4918 1754 4958 et
1772 4919 1875 4962 (retunt.

185 4978 228 5052 ff.
242 4983 279 5036 cd
293 4978 422 5048 isolcid.
436 4997 462 5030 n.
479 4986 503 5030 t.
524 4977 568 5049 (t.
581 4979 654 5031 enim
674 4977 854 5030 consuleretur
871 4979 1011 5047 sgrirultu·
1062 4977 1080 5029 l.
1103 4987 1143 5029 ts.
1162 4975 1236 5030 Hinc
1256 4978 1336 5033 hodie
1353 4981 1483 5036 distincta
1501 4996 1564 5038 sunt
1581 4985 1703 5057 opificia,
1722 4991 1772 5044 der
1790 4993 1877 5046 deire·

187 5083 255 5130 -sne,
273 5075 304 5117 ut
322 5065 436 5133 agricola
460 5080 565 5134 semper
583 5065 649 5117 sciat
672 5074 773 5116 certum
798 5061 926 5117 frumeuti
950 5081 1010 5133 pre·
1063 5061 1163 5114 ncdler
1178 5062 1236 5114 und
1250 5063 1437 5121 stechedim
1462 5067 1620 5123 Limitnntur
1639 5083 1725 5126 tsmen
1745 5075 1831 5140 dictu,
1852 5081 1876 5131 si

184 5150 273 5202 dium.
291 5147 343 5216 (ι.
360 5146 523 5200 conduceret
543 5147 792 5208 nititstimmoium
811 5147 910 5218 quiippe
922 5160 1009 5200 rerum
1061 5145 1121 5217 quis
1139 5147 1309 5218 perlongum
1329 5159 1430 5222 tempus
1450 5151 1478 5204 in
1503 5153 1604 5208 duobus
1627 5158 1748 5226 collegiis
1776 5161 1874 5228 luerit,

193 5237 284 5306 pretia
304 5231 362 5284 lere
380 5247 412 5284 ex
425 5231 552 5283 intimenti
567 5232 655 5300 pretio
669 5231 824 5300 dependent.
844 5231 1010 5300 (cobrium
1062 5232 1100 5284 rel
1119 5231 1197 5283 elistn
1217 5231 1313 5299 justam
1333 5249 1434 5288 reusam
1446 5236 1554 5303 hebeat,
1569 5258 1620 5309 quo
1639 5259 1698 5294 casu
1719 5243 1745 5294 in
1768 5259 1875 5312 utroque

184 5315 419 5370 ·ireturararitine
438 5315 772 5384 bominum,quiobtentu
790 5315 871 5385 pretii
891 5317 1010 5370 cortice·
1061 5314 1172 5386 collegio
1193 5316 1299 5370 tolerari
1317 5317 1405 5372 debet.
1430 5321 1491 5375 Vid.
1517 5325 1711 5394 praejudicium
1737 5329 1806 5398 apud
1826 5333 1873 5384 lti-

194 5401 310 5454 serisiue
330 5409 356 5452 et
375 5399 452 5469 punis
471 5401 587 5466 pretium
607 5402 698 5452 statim
718 5411 828 5468 surgent,
843 5401 902 5456 licet
921 5403 1010 5454 viliori
1062 5401 1146 5452 chter.
1164 5401 1217 5453 dec.
1239 5410 1281 5452 su·
1299 5421 1328 5456 n.
1350 5412 1392 5457 to.
1791 5427 1793 5432 ·

112 5523 150 5569 Η
184 5485 283 5559 pretio
302 5483 457 5536 coemerint.
475 5483 586 5536 Obstnrc
606 5483 683 5537 dictis
702 5483 806 5537 ridetur
824 5485 841 5536 l.
850 5483 922 5553 Μ.
945 5498 967 5538 ι,
970 5485 1011 5556 ff
1098 5483 1173 5536 Circe
1193 5495 1308 5540 mutuum
1329 5483 1510 5542 lilioi.dntum
1531 5491 1706 5546 introductum
1733 5507 1768 5547 est
1788 5507 1872 5548 sctum
1916 5515 1945 5555 to

196 5575 233 5626 cd
251 5572 268 5622 l.
285 5569 338 5637 joi.
357 5569 388 5621 rie
408 5583 512 5620 onnon.
534 5567 577 5618 ubi
598 5567 709 5630 dicitur,
725 5569 1010 5636 justionesseontint
1063 5570 1296 5636 macedonianum,
1320 5592 1372 5626 non
1397 5586 1449 5628 tum
1474 5575 1503 5628 iu
1525 5577 1616 5630 odium
1642 5579 1801 5641 creditoris,
1828 5583 1872 5634 sed

193 5659 320 5726 cujusque
338 5651 453 5708 oiritutis
478 5653 592 5725 pretium
618 5653 693 5724 grani
719 5651 787 5724 quod
808 5651 942 5710 intebitur
962 5665 1010 5710 sta·
1062 5654 1152 5726 potius
1165 5653 1193 5708 in
1213 5654 1294 5710 utilit.
1314 5657 1379 5730 reip.
1396 5658 1466 5731 quod
1481 5659 1634 5718 istiusmodi
1648 5665 1725 5719 melis
1744 5667 1873 5738 exemplis
