4228 6240
293 257 365 340 ,³9⁹
871 255 1061 314 Dlslti'rl'r.
1080 259 1156 316 Viii.
1174 259 1291 320 Cll’tl'r
1309 263 1332 318 Ι.
1836 263 1888 328 tion

257 377 286 416 a.
307 367 331 408 r.
351 353 401 408 Vel
420 361 458 408 est
475 347 621 406 consilinm
641 345 750 406 vassallo
770 354 973 420 concreditum,
995 355 1075 406 lnttr.
1126 355 1167 424 gi,
1187 369 1212 411 ut
1229 357 1321 411 literas
1338 357 1485 414 credendae
1504 359 1627 418 exhibeat
1646 361 1707 426 illi,
1726 361 1759 416 aul
1777 377 1857 430 quem
1876 359 1942 412 ruis-

260 446 296 496 'sle
316 442 401 492 lse'rn·
418 437 456 492 cd
474 436 500 489 ri.
520 448 538 489 t.
557 427 630 506 quib.
649 434 720 487 mod,
729 433 813 504 sesni
832 439 919 492 ueniet.
935 455 962 490 n.
981 450 1002 488 t.
1023 438 1075 489 Seu
1126 457 1185 506 sus,
1198 439 1251 495 riti·
1264 443 1324 496 lob.
1337 462 1350 495 a
1364 442 1580 498 ceutronicae
1593 448 1670 518 legat.
1684 465 1707 501 e.
1728 460 1770 500 su.
1786 447 1942 516 legatorum

257 541 381 579 arcanum
407 521 514 578 'rassalli
540 516 604 572 ndei
629 519 817 585 commissum,
836 523 995 574 ilotomaon.
1017 522 1074 574 leuc.
1125 525 1197 579 enirn
1217 537 1329 598 potestas
1349 529 1466 582 maxime
1482 547 1516 582 ex
1535 542 1623 584 tenore
1642 532 1780 584 literarum
1798 546 1944 582 snaecons·

173 620 183 669 't
246 605 581 681 fied.ncc.cre‹1entr'oe.
600 604 672 658 Hinc
690 603 755 657 alibi
775 604 842 656 illud
860 604 987 671 effertur,
1005 607 1075 675 quod
1127 609 1264 662 missionis
1276 621 1302 662 ct
1317 611 1434 664 maorlati
1450 612 1561 684 pendet,
1576 615 1644 668 l‘etr.
1657 614 1768 682 Gregor.
1782 611 1829 666 ttt.
1844 623 1867 662 ι.
1878 627 1944 678 pur·

258 694 386 748 rassallns
404 690 513 744 domino
530 705 587 742 nou
607 687 704 740 debent
721 704 780 742 esse
796 689 897 744 alumno
923 691 957 744 de
973 701 1075 745 secreto
1123 688 1164 744 n'r.
1178 691 1234 762 jur.
1253 711 1353 746 canon.
1373 695 1413 749 rie.
1433 709 1456 749 t·
1474 715 1497 750 c.
1518 709 1542 748 t.
1562 697 1591 751 tu
1608 715 1651 767 pr.
1672 698 1944 767 Qtsarnrisnnnmux

208 781 222 824 ι
259 794 311 835 suo
333 772 398 844 2.st
413 787 439 828 e.
452 775 486 827 Et
505 775 533 825 in
553 770 664 824 formula
682 774 825 840 juramenti
844 770 997 838 fidelitatis,
1009 793 1076 846 qnae
1123 773 1307 830 obliterarum
1320 777 1520 833 credentialium
1534 780 1665 836 defectum
1680 783 1773 836 uiolari
1785 783 1884 850 legatus
1896 782 1944 836 sls-

262 877 391 934 expressa
415 857 513 929 legitur
533 855 597 926 ns
619 868 642 910 t.
661 855 749 926 eins
768 858 805 910 ita
831 859 970 928 conceptis
989 861 1076 914 serbis
1125 857 1200 925 beat,
1219 861 1273 913 rid.
1292 862 1390 916 liierre
1407 862 1573 918 bliaesetser.
1587 877 1619 918 tr.
1632 867 1665 920 ds
1680 865 1732 936 leg.
1744 865 1830 931 priuc-
1846 875 1941 920 assere.

259 945 406 1020 jurandum
427 953 496 996 eret:
514 951 541 995 el
552 940 578 994 ri
588 939 695 1012 uliqrsid
714 942 824 996 milicie
841 954 943 998 secreto
958 943 1076 1014 canufi·
1126 952 1185 995 tte·
1206 944 1290 1012 Quam
1310 942 1391 998 iidem
1411 965 1470 1002 rero
1491 959 1642 1004 mereantur
1662 951 1722 1003 illae
1739 951 1848 1014 literae,
1861 950 1894 1004 de
1911 967 1944 1008 so

260 1029 397 1094 eleveris,
411 1029 480 1084 illud
495 1028 553 1082 sine
566 1037 613 1082 tssn
632 1027 744 1082 ticeusta
762 1027 867 1082 nemini
881 1029 1017 1099 paudum,
1029 1031 1078 1084 nei
1125 1047 1149 1080 ι.
1163 1029 1249 1099 Ktlpp.
1262 1047 1291 1099 p.
1308 1040 1330 1083 t.
1343 1030 1400 1086 dec·
1421 1043 1463 1086 ie.
1481 1051 1508 1086 rr.
1528 1045 1569 1086 bt.
1590 1034 1666 1087 Alex.
1684 1034 1858 1102 Treattacinq.
1879 1052 1943 1092 vom

206 1139 220 1182 a
256 1137 307 1190 per
318 1111 693 1188 quodpurrdctur,sucicm,·
705 1122 732 1166 et
745 1115 794 1167 buc
813 1114 917 1167 ratione
934 1125 997 1186 puto
1008 1135 1073 1186 quo.
1124 1111 1207 1164 resol.
1226 1111 1272 1165 tit.
1294 1125 1318 1165 ι.
1337 1115 1376 1168 tit.
1396 1113 1430 1168 de
1446 1118 1527 1170 solur.
1546 1133 1597 1171 rer.
1622 1129 1662 1173 tt.
1682 1119 1726 1170 ubi
1739 1118 1772 1170 de
1786 1119 1841 1170 illis
1853 1119 1943 1174 literis

257 1219 308 1274 que
328 1201 487 1274 explicanda
505 1216 564 1254 esse
582 1198 660 1252 rerba
678 1196 769 1253 finalia
790 1199 852 1270 bs.
873 1215 896 1254 e.
915 1203 960 1254 nbi
980 1205 1075 1256 vassat-
1124 1195 1152 1247 in
1165 1211 1261 1265 genere
1275 1197 1337 1266 agit.
1350 1197 1424 1252 luter
1437 1212 1596 1256 mercatores
1608 1219 1710 1272 quoqne
1724 1220 1775 1255 non
1790 1201 1944 1272 iuireqnen·

253 1288 295 1340 lus
306 1288 391 1354 jurat,
405 1302 434 1339 se
446 1284 583 1338 custodire
595 1285 680 1348 aelle,
698 1285 786 1338 vitum
800 1287 948 1340 membrum
962 1298 987 1338 et
1001 1307 1075 1341 men-

255 1385 311 1428 tem
324 1371 445 1436 domini,
458 1381 489 1424 ut
506 1371 612 1424 scilicet
629 1387 677 1440 per
696 1382 813 1426 mentem
832 1371 1016 1442 intelligantur
1035 1393 1075 1428 se·

254 1468 328 1515 creta
346 1457 467 1521 domiui,
486 1474 554 1529 quae
572 1455 696 1510 hacteuus
716 1457 803 1510 tenuit
825 1459 876 1512 alte
895 1471 982 1513 mente
1000 1476 1075 1529 rspo-

255 1558 312 1610 sta,
326 1554 353 1599 et
371 1545 421 1598 soli
441 1544 551 1598 sussello
568 1541 738 1596 concredidit
749 1562 755 1605 r
768 1560 894 1612 quorsum
912 1555 938 1598 et
955 1544 1074 1599 collimat

258 1629 341 1684 Jacob
359 1629 392 1683 de
412 1626 545 1682 Bellorisu
560 1626 598 1680 ud
607 1627 632 1680 d.
642 1636 710 1680 text.
725 1627 782 1698 ²·s·
799 1640 823 1679 ι.
838 1635 954 1681 mentem
975 1649 1022 1701 pro
1035 1647 1075 1684 se·

259 1723 333 1768 creto
355 1713 507 1782 explicans,
526 1711 591 1764 licet
617 1711 664 1764 alii
689 1730 737 1782 pro
756 1730 818 1765 soce
836 1724 953 1766 urentem
972 1712 1073 1766 substi-

1127 1289 1166 1333 tes
1183 1291 1247 1335 suus
1265 1282 1361 1340 literae
1386 1285 1560 1352 credentiae,
1578 1287 1723 1340 Germanis
1740 1288 1827 1340 dictae
1845 1287 1942 1342 eredit-

1124 1363 1237 1434 drieffe,
1255 1367 1352 1438 quibus
1369 1371 1445 1422 alteri
1464 1367 1545 1422 iidem
1564 1371 1723 1434 conciliant,
1737 1381 1767 1423 nt
1785 1371 1808 1422 si
1829 1371 1942 1441 pecunie

1124 1447 1298 1518 destituatur,
1319 1469 1419 1508 merces
1439 1462 1527 1508 tamen
1548 1452 1601 1509 bale
1621 1453 1707 1508 babitu
1725 1453 1847 1525 accipiat.
1861 1454 1941 1509 Etde

1126 1535 1168 1586 bis
1177 1537 1332 1594 credentiae
1344 1539 1433 1594 literis
1451 1541 1581 1595 solemnis
1595 1551 1637 1596 est
1647 1543 1783 1611 quaestioe
1797 1559 1830 1595 an
1842 1541 1866 1594 si
1879 1541 1941 1611 quis

1126 1619 1232 1675 miserit
1249 1623 1340 1676 literas
1357 1623 1509 1678 credentiae
1528 1627 1557 1680 in
1577 1625 1692 1680 lusorem
1708 1625 1835 1694 alicujus,
1853 1634 1881 1680 et
1898 1641 1942 1678 re·

1124 1703 1227 1773 cipiens
1247 1707 1336 1776 uigore
1355 1708 1474 1778 ipsarum
1493 1711 1632 1780 pecuniam
1654 1721 1742 1764 mutuo
1761 1710 1881 1774 dederil,
1899 1711 1942 1764 rel

261 1808 336 1851 tuere
354 1796 448 1849 malint
466 1794 690 1865 unionum,qnqd
712 1797 774 1849 facit
794 1797 918 1866 Eguiruar.
938 1797 999 1849 Bar.
1016 1799 1042 1851 d,
1056 1796 1074 1850 1,
1124 1789 1218 1855 aliter,
1236 1785 1318 1844 fidem
1340 1793 1432 1847 literas
1457 1793 1589 1848 mittentis
1614 1804 1738 1861 secutus,
1756 1797 1941 1864 contraxerit,

294 1877 430 1932 Caeterum
448 1877 598 1933 credentiae
612 1879 763 1932 vocabulum
778 1881 890 1933 latinum
900 1879 1006 1949 quidem
1020 1899 1073 1934 nnn
1123 1884 1242 1928 tencatur
1259 1877 1365 1930 actione
1383 1877 1523 1943 mandati,
1545 1896 1593 1949 pro
1612 1877 1674 1940 illo,
1693 1880 1741 1947 qni
1759 1886 1879 1932 mutunus
1896 1897 1941 1935 ac·

253 1969 310 2028 est,
328 1964 392 2016 licet
414 1978 448 2014 ex
472 1963 556 2016 lutino
576 1974 686 2028 orcamp
712 1983 772 2018 cum
801 1975 888 2018 samen
910 1963 1022 2018 sepeliar,
1042 1983 1072 2019 ω
1123 1960 1210 2029 cepit,
1229 1959 1348 2015 soluere?
1366 1960 1398 2012 dc
1416 1978 1467 2031 qna
1484 1961 1636 2033 quaestione
1655 1963 1776 2015 rideatur
1793 1961 1811 2014 i.
1830 1964 1939 2018 locu.
1966 2012 1974 2034 Ι

253 2049 285 2104 in
307 2047 394 2119 specie
412 2056 514 2114 utetur,
533 2047 650 2100 relinere
667 2045 763 2113 libuit,
782 2048 860 2102 sicuti
881 2051 954 2119 plura
969 2049 1020 2102 alia
1035 2051 1074 2118 in·
1113 2042 1155 2112 ff·
1174 2043 1295 2114 deficies·
1315 2055 1340 2098 et
1358 2044 1397 2098 ibi
1420 2045 1466 2098 dd.
1488 2045 1603 2116 linding.
1628 2045 1686 2098 obs.
1709 2056 1798 2116 prout.
1822 2057 1891 2102 cent.
1915 2061 1939 2102 t.

253 2131 293 2185 ris
311 2130 426 2186 feudalis
443 2133 565 2186 voeabula
584 2131 700 2187 retinere
711 2133 904 2202 compellimur.
927 2133 1073 2188 bereden·
1122 2129 1180 2180 ⁰58·
1200 2140 1240 2182 st.
1261 2129 1417 2184 Conserslur
1434 2129 1547 2184 ulterius
1565 2133 1599 2185 de
1617 2131 1659 2184 itis
1678 2132 1767 2184 literis
1789 2133 1859 2186 Berl.
1876 2152 1902 2201 ρ.
1921 2133 1940 2188 ι’.

251 2215 289 2270 do
306 2234 369 2270 rero
387 2215 457 2270 idem
477 2214 578 2269 dictum
598 2232 655 2268 esse
675 2224 745 2286 pelet
762 2215 795 2268 ad
812 2219 927 2270 oculum.
940 2216 1071 2270 Credenrli
1121 2213 1206 2268 cunei.
1228 2227 1269 2268 te.
1288 2233 1315 2267 rr.
1334 2227 1377 2269 st.
1393 2233 1464 2287 seqq·
1483 2217 1564 2270 Maso.
1578 2216 1697 2286 deprob.
1716 2218 1804 2270 conci.
1819 2230 1943 2284 ets-per

252 2299 363 2357 uerbum
381 2297 504 2368 generale
521 2315 595 2364 esse,
613 2300 667 2367 jam
686 2298 752 2350 olim
771 2315 805 2352 ex
818 2300 894 2353 Celso
912 2301 1074 2355 notaritiil-
1121 2306 1169 2350 tos.
1190 2297 1317 2351 Alexand.
1337 2299 1438 2354 Stiatic
1455 2310 1539 2366 arcet.
1564 2301 1622 2354 uls.
1642 2319 1665 2352 c.
1685 2311 1727 2353 tt.
1745 2319 1773 2352 n.
1795 2312 1836 2354 tt.
1856 2301 1889 2355 Et
1909 2303 1939 2356 in

255 2384 352 2456 pianes
370 2382 399 2436 ira
418 2381 437 2434 l.
459 2392 481 2434 t.
489 2379 532 2450 ff.
551 2381 585 2436 de
601 2381 658 2436 reb.
676 2383 747 2435 cred.
761 2381 875 2438 Credere
888 2386 961 2438 enisu
975 2383 1072 2439 dicitur
1123 2381 1210 2451 specie
1228 2381 1260 2437 de
1280 2383 1323 2436 bis
1342 2385 1433 2438 literis
1450 2384 1602 2451 cotrclnslit,
1622 2383 1707 2439 Nicol.
1726 2385 1761 2438 de
1786 2387 1888 2440 Passer.
1908 2397 1942 2441 tr.

254 2467 345 2524 omnis
363 2467 401 2534 is,
420 2467 468 2538 qni
484 2467 601 2522 alienam
626 2463 707 2520 fldem
732 2477 852 2533 secutura
870 2470 944 2538 atqui
964 2485 1025 2522 rero
1044 2469 1072 2521 iu
1123 2467 1156 2520 de
1172 2468 1239 2535 prin.
1256 2467 1349 2536 script·
1367 2467 1413 2522 lib.
1433 2481 1458 2522 ι.
1475 2488 1499 2540 q.
1519 2482 1545 2524 ι.
1564 2487 1593 2522 n.
1615 2481 1656 2523 ts.
1673 2469 1743 2539 qnod
1765 2470 1860 2526 literae
1883 2491 1942 2528 cre·

254 2549 393 2626 praesenti
411 2567 487 2620 casu,
505 2551 552 2622 qui
572 2562 672 2608 secreta
689 2552 774 2606 animi
794 2552 836 2606 sui
855 2553 933 2607 alteri
952 2553 1073 2622 exponit,
1123 2551 1263 2616 dentiales,
1277 2551 1464 2622 specialitatem
1483 2551 1623 2622 quamdam
1635 2553 1816 2618 continentes,
1830 2556 1943 2628 pmbent

255 2653 335 2706 qnam
354 2635 472 2690 menime
490 2632 572 2690 iidem
591 2637 711 2708 seqnitur
727 2633 857 2701 aliename
878 2635 925 2692 bac
943 2637 1073 2692 nianirum
1123 2645 1210 2688 contra
1222 2635 1395 2702 scribentem,
1406 2637 1476 2708 quod
1491 2638 1565 2691 idem
1582 2647 1670 2692 aanor
1679 2641 1800 2712 exemplo
1818 2641 1941 2699 declarat.

256 2737 304 2793 spe
325 2719 425 2786 fretus,
444 2712 559 2774 alterum
578 2732 678 2776 secretu
695 2723 749 2776 sibi
767 2721 866 2776 credita
885 2725 956 2776 orella
975 2723 1075 2778 tatione

255 2806 474 2878 propalaturnm,
494 2805 540 2859 sed
558 2805 659 2860 silentii
683 2805 770 2876 potius
789 2805 869 2876 peplo
886 2805 1075 2860 involutorum.

257 2890 417 2944 Credentiae
428 2906 489 2942 rero
501 2887 656 2942 vocabulum
676 2887 759 2940 etiarn
773 2904 851 2938 omne
867 2888 1014 2956 negotium,
1025 2907 1076 2958 quo

257 2974 291 3027 de
308 2973 439 3044 singulari
457 2969 512 3026 tute
529 2971 633 3042 agitur,
652 2970 802 3024 denotabit.
820 2969 897 3022 Unde
915 2980 944 3024 et
962 2971 1076 3027 Germa-

257 3077 355 3113 norum
375 3058 443 3112 illud
460 3058 635 3122 credentum,
654 3055 774 3108 eamdem
789 3051 852 3107 iidei
872 3065 999 3110 tesseram
1017 3059 1076 3112 exi·

257 3147 308 3214 pit.
328 3148 393 3198 Cum
413 3143 487 3194 enim
506 3158 634 3212 nusquam
655 3149 709 3192 tuta
729 3137 812 3204 biles,
830 3137 945 3192 adeunt
962 3157 1012 3194 nec
1030 3161 1077 3213 po-

261 3231 322 3284 cula
341 3229 493 3300 principum
514 3227 656 3290 icrculnre,
672 3224 704 3277 ab
718 3223 827 3278 insidiis
846 3235 987 3294 exempta,
1006 3241 1076 3279 rece·

258 3327 334 3388 ptum
350 3315 379 3367 in
392 3314 471 3379 aulis,
485 3322 514 3367 nt
526 3313 592 3366 certi
607 3311 791 3384 pocillatores,
805 3309 986 3382 pincernsere,
1000 3325 1077 3380 gustu

256 3400 313 3455 cibi
333 3408 440 3472 pctnsrc
454 3398 623 3455 securitatem
644 3398 798 3469 explorent,
813 3395 865 3450 vid.
881 3395 967 3449 limo.
980 3398 1011 3448 de
1020 3397 1077 3470 jur.

254 3483 330 3554 publ.
347 3481 392 3536 lid.
414 3493 437 3534 t.
449 3499 474 3537 c.
494 3491 519 3534 ι.
543 3498 573 3534 rr.
595 3489 635 3532 tt.
653 3477 800 3550 dequibus
819 3479 875 3548 egit
891 3477 1013 3548 pluribus
1030 3480 1077 3532 dn.

258 3566 369 3620 Praenes
387 3563 450 3618 diss.
467 3575 491 3618 t.
505 3563 538 3618 sie
547 3565 602 3638 jur·
614 3578 686 3616 seur.
698 3581 722 3616 c.
739 3574 760 3614 t.
776 3581 805 3614 u.
819 3573 861 3615 ιι.
872 3573 899 3616 et
909 3582 932 3616 c.
953 3573 976 3613 t.
991 3581 1019 3616 rr.
1037 3575 1077 3617 ιτ.

258 3666 329 3720 seqq.
343 3650 399 3701 iloc
410 3665 473 3702 sero
483 3649 618 3718 negotium
630 3646 791 3702 Germanice
803 3645 962 3701 credentzer
975 3646 1027 3700 dici
1041 3666 1079 3703 so·

259 3735 302 3788 let.
313 3733 491 3791 DieFrirrten
504 3733 595 3788 lescen
607 3735 689 3787 ttueu
700 3749 784 3786 curor
794 3731 845 3786 dar
860 3735 1014 3786 Getruenci
1022 3733 1080 3786 und

257 3819 348 3892 speiee
359 3821 531 3882 credentseee
545 3819 616 3872 nude
625 3817 793 3872 credentiarii
807 3818 874 3871 barud
884 3822 1078 3890 raroeppellan·

263 3915 309 3958 tur
323 3905 365 3957 illi
380 3912 605 3974 praegustatores,
626 3905 793 3967 credentzer,
808 3903 903 3956 Gallis.
917 3904 1086 3964 credencier„

263 3993 326 4044 lob.
339 3991 393 4042 lac.
408 3989 523 4060 Speidel.
536 3989 636 4060 specul.
645 3987 742 4057 jurisd.
755 3987 830 4051 nolit.
842 4005 898 4041 voc.
910 3988 1077 4043 credentzer.

298 4075 399 4128 Pariter
416 4072 514 4126 abhuc
537 4091 597 4126 uoce
615 4072 779 4127 descendunt
803 4083 831 4124 et
856 4073 948 4126 literae
971 4073 1081 4128 ereden-

261 4161 356 4226 tiales,
374 4159 469 4228 quibus
489 4158 583 4228 legetis
608 4155 676 4210 fides
701 4158 838 4211 conciliari
864 4160 948 4224 solete
967 4177 1027 4213 nam
1047 4161 1081 4214 ob

263 4245 313 4299 bas
330 4246 418 4298 literas
436 4243 478 4295 illi
496 4253 537 4296 est
554 4241 733 4308 credendum,
751 4241 798 4313 qui
817 4242 849 4296 aul
870 4245 983 4295 alterum
998 4243 1081 4298 mitti-

263 4337 323 4394 tur,
345 4326 490 4382 lliminald.
509 4327 561 4380 noi.
582 4339 605 4379 t.
623 4343 697 4380 cous.
718 4339 742 4377 ι.
757 4344 781 4378 rr.
799 4339 839 4380 te.
858 4328 912 4379 vix
928 4329 999 4380 enim
1019 4345 1081 4381 eon·

264 4413 383 4477 sultam,
403 4411 493 4464 omnia
511 4429 577 4481 qnae
596 4427 644 4480 per
661 4413 776 4480 legatum
795 4409 910 4480 agenda,
930 4411 1018 4466 literis
1037 4431 1082 4467 es·

264 4495 399 4565 primere,
419 4495 464 4549 sed
487 4497 569 4549 multa
587 4497 641 4567 ipsi
660 4497 726 4549 clam
746 4495 951 4560 committenda,
964 4514 998 4549 ne
1017 4493 1084 4551 iorte

262 4577 420 4650 interceptis
434 4579 536 4645 literis,
549 4591 650 4632 secreta
664 4579 797 4650 principis
810 4579 943 4633 mitlentis
954 4595 1013 4632 cnm
1028 4598 1083 4632 ma-

261 4677 314 4731 gno
326 4665 382 4730 eius
396 4665 492 4718 damno
505 4663 669 4734 protienturr
688 4681 740 4734 quo
759 4681 820 4718 vero
838 4663 888 4716 boc
906 4681 982 4732 passu
1002 4661 1081 4717 iidem

261 4750 429 4805 nanciscatur
441 4752 553 4820 legatus,
566 4750 655 4804 literis
675 4751 717 4803 bis
737 4749 944 4803 credentialilsos
957 4749 1009 4820 ipsi
1025 4767 1071 4801 suc

260 4834 439 4903 currendum,
459 4835 564 4889 Besold.
582 4839 651 4890 ebes.
667 4845 751 4902 praet.
765 4851 822 4887 roc.
836 4831 1083 4902 credente-briff.

262 4913 549 4974 &ravennesbure
569 4929 602 4972 tr.
621 4920 653 4973 de
672 4929 821 4971 assecures.
840 4917 930 4970 Glors.
946 4927 985 4968 tt.
998 4933 1025 4967 n.
1041 4925 1082 4968 et.

264 5010 292 5054 et
307 5019 362 5073 seq.
379 5023 446 5075 quae
463 5005 640 5059 credentiales
653 5005 681 5056 in
694 5018 789 5072 genere
808 4999 1004 5065 describuntur,
1014 4998 1084 5069 quod

265 5093 322 5151 sint
339 5091 450 5156 literae,
469 5110 535 5162 qnae
554 5089 675 5143 feruntur
693 5105 742 5157 per
762 5088 856 5149 illum,
875 5086 917 5140 cui
936 5083 1037 5138 dicitnr
1056 5087 1083 5138 in

266 5184 307 5236 eis
324 5197 382 5234 esse
399 5177 561 5231 credendum
579 5175 610 5226 acl
630 5171 745 5225 eumeni
765 5171 933 5238 ntrtpmmr,
947 5186 1025 5240 qnam
1041 5168 1085 5222 de·

267 5265 441 5335 scriptionem
459 5277 492 5312 es
511 5257 618 5328 Hippoi.
638 5253 784 5310 Rimioald.
803 5254 830 5307 d.
849 5252 905 5306 nol,
927 5263 950 5304 t.
969 5266 1045 5305 conr.
1060 5263 1085 5305 e.

269 5369 298 5404 rr.
314 5363 354 5403 tc.
367 5345 522 5417 suppeditet
538 5342 626 5396 Nicol.
645 5341 677 5392 de
698 5337 832 5392 Passerib·
851 5337 885 5389 de
899 5335 1001 5406 privat.
1018 5336 1085 5389 seri-

196 5449 229 5491 ιι
269 5447 341 5502 pror.
360 5431 406 5484 lib.
429 5443 450 5482 ι.
470 5450 496 5499 q.
515 5441 540 5482 ι.
558 5447 585 5481 rr.
607 5437 630 5478 t.
647 5427 682 5478 Et
696 5425 744 5476 bae
758 5425 876 5475 literaea
891 5421 983 5490 legatis
997 5421 1087 5491 primo

266 5522 388 5574 omnium
406 5514 500 5568 offerri
519 5513 634 5577 debent,
655 5509 822 5563 Scittinborn.
840 5508 898 5576 pol.
918 5509 939 5558 l·
959 5520 983 5560 ι.
1001 5523 1025 5561 c.
1045 5519 1086 5561 ιι.

270 5605 395 5659 Obstaret
409 5601 481 5653 enim
496 5599 564 5669 ipsis
576 5615 630 5650 non
641 5597 804 5663 legitimatae
819 5611 944 5666 personae
955 5597 1088 5664 exceptio,

169 5729 172 5736 .
267 5685 312 5742 bis
331 5685 421 5740 literis
439 5685 464 5740 si
481 5695 567 5738 essent
585 5681 715 5736 destituti.
735 5679 812 5734 Unde
830 5682 930 5750 legatus
948 5689 1089 5752 potesteo·

1125 2717 1197 2772 Conf
1222 2721 1379 2790 trentacinq.
1398 2721 1431 2773 de
1448 2737 1499 2776 res.
1522 2734 1561 2775 tc.

1162 2801 1287 2856 Pluribus
1311 2803 1434 2858 vocabulo
1453 2822 1507 2858 non
1527 2804 1690 2870 inhaerebo,
1709 2822 1769 2858 cnm
1789 2806 1823 2862 de
1839 2809 1944 2879 obliga·

1126 2888 1199 2941 tione
1217 2888 1249 2941 ad
1269 2890 1406 2944 silentium
1430 2890 1516 2944 adhuc
1539 2891 1681 2944 dicendum
1703 2902 1801 2959 restete
1820 2913 1854 2949 an
1872 2897 1948 2951 seili-

1127 2981 1170 3024 ccl
1193 2972 1312 3041 priuatus
1337 2974 1439 3046 privato
1455 2974 1490 3027 sd
1508 2975 1611 3030 silentii
1636 2973 1717 3030 briem
1742 2967 1944 3048 obstringitur,

1126 3055 1148 3108 si
1167 3057 1245 3109 alteri
1263 3059 1331 3112 alter
1348 3070 1450 3113 secreta
1469 3060 1553 3112 sciuri
1575 3061 1786 3116 manifestaverit
1802 3073 1847 3117 unt
1860 3064 1947 3118 credi·

1126 3138 1214 3193 derit?
1233 3143 1290 3195 Boc
1314 3143 1386 3195 enirn
1412 3143 1552 3210 discusso,
1579 3161 1663 3198 nexus
1685 3147 1879 3214 obligationis,
1897 3148 1946 3218 qni

1127 3224 1231 3278 ratione
1250 3235 1411 3279 scerelorum
1431 3225 1502 3280 iuter
1519 3225 1658 3280 dominnm
1678 3228 1749 3282 feudi
1764 3242 1792 3284 et
1806 3234 1945 3298 cassellum

1125 3308 1222 3360 aliusue
1242 3323 1369 3378 personas
1387 3319 1443 3376 est,
1461 3311 1600 3382 apparebit
1611 3305 1718 3366 elarius.
1737 3315 1883 3386 separandi
1894 3339 1944 3386 ,au-

1127 3402 1180 3446 tem
1200 3391 1245 3444 bic
1262 3397 1373 3448 omnino
1386 3411 1462 3448 casus
1480 3404 1573 3462 erunt,
1589 3414 1622 3449 an
1637 3397 1797 3453 crediderim
1816 3401 1890 3456 alteri
1905 3420 1946 3457 se·

1125 3487 1195 3532 creta
1210 3495 1267 3531 mes
1281 3479 1339 3532 sine
1354 3479 1408 3534 nlla
1422 3480 1525 3534 silentii
1542 3475 1722 3551 promissione
1740 3489 1779 3540 rel
1797 3490 1946 3556 exactiones

1127 3583 1159 3617 co
1179 3580 1239 3618 vero
1255 3563 1355 3617 silentii
1374 3559 1454 3616 fidem
1473 3565 1611 3638 stipulatus
1625 3567 1700 3623 fuero
1714 3570 1741 3622 in
1759 3571 1945 3627 antecessum?

1127 3648 1216 3704 Priori
1234 3663 1313 3714 casn,
1332 3648 1423 3713 uuila,
1442 3645 1508 3720 quae
1533 3652 1611 3704 alteri
1638 3653 1777 3708 silentium
1803 3657 1948 3730 imponat,

1126 3733 1219 3786 adesse
1231 3731 1336 3786 ridetur
1348 3733 1493 3804 obligati03
1507 3737 1571 3788 alter
1589 3737 1661 3790 enim
1677 3755 1738 3790 snae
1757 3738 1878 3794 facilitati
1894 3743 1947 3796 im·

1127 3815 1251 3884 putabit,
1277 3817 1346 3886 qnod
1372 3827 1532 3870 secretorum
1555 3818 1640 3873 animi
1663 3822 1825 3892 participem
1851 3822 1950 3879 fecerit

1128 3900 1239 3952 alterum
1255 3927 1256 3932 =
1275 3901 1360 3953 simili
1380 3901 1500 3966 ratione,
1519 3901 1611 3971 quain
1630 3905 1757 3958 societate
1775 3923 1864 3959 rurum
1883 3909 1948 3962 alia·

1128 4001 1187 4038 rum
1206 3985 1258 4037 sibi
1280 3985 1412 4056 imputare
1431 3985 1525 4052 debet,
1545 3989 1590 4058 qni
1612 4006 1705 4058 parurn
1725 3990 1882 4060 diligentem
1902 4010 1945 4048 sc·

1130 4070 1200 4122 cium
1219 4071 1300 4140 elegit
1317 4073 1340 4138 §.
1354 4067 1415 4140 fin.
1432 4071 1516 4124 instit.
1541 4071 1574 4125 de
1596 4072 1690 4125 societ.
1715 4074 1747 4128 Et
1765 4076 1844 4127 sicuti
1864 4094 1947 4133 nemo

1130 4157 1238 4224 ignarus
1257 4171 1314 4208 esse
1332 4153 1413 4206 debet
1432 4154 1595 4208 conditionis
1615 4157 1709 4224 illius,
1734 4177 1793 4211 cum
1813 4178 1864 4229 qno
1883 4181 1947 4216 con·

1133 4237 1214 4291 trabit
1227 4238 1244 4289 l.
1257 4235 1304 4308 qui
1314 4256 1375 4291 cnm
1391 4237 1447 4290 olio
1470 4236 1559 4308 tcff.
1578 4243 1611 4295 dc
1629 4260 1652 4294 r.·
1665 4242 1689 4311 j.
1709 4243 1744 4296 ita
1765 4245 1907 4315 praecipue
1919 4247 1950 4299 in

1132 4321 1273 4377 credendis
1292 4323 1364 4375 alteri
1384 4323 1491 4377 secretis
1510 4323 1581 4378 idern
1599 4323 1793 4379 obseruandum
1799 4365 1809 4394 ,
1821 4338 1848 4380 et
1861 4345 1951 4383 mores

1132 4407 1322 4478 ingeniumque
1340 4407 1448 4459 alterius
1468 4420 1585 4462 accurate
1603 4409 1779 4478 exploranda:
1797 4410 1868 4483 qnod
1886 4411 1948 4484 qui·

1131 4493 1189 4545 dem
1209 4510 1263 4544 non
1281 4487 1391 4548 tttneitt
1413 4493 1594 4562 experimento
1618 4489 1677 4546 fleri
1697 4507 1806 4566 potest,
1832 4498 1854 4550 si
1885 4501 1950 4554 Plu·
2017 4490 2022 4502 ⁸

1132 4578 1217 4633 tarcbi
1238 4577 1369 4632 monitum
1395 4593 1550 4646 sequamur,
1575 4581 1736 4649 inquientis:
1756 4593 1786 4636 ut
1804 4601 1851 4638 nor
1870 4604 1951 4653 expe·

1131 4665 1254 4724 tiamne,
1270 4679 1372 4734 uprsum
1386 4681 1443 4714 nou
1457 4663 1552 4716 viuum
1567 4662 1753 4734 irpsundr’nrus:
1764 4667 1952 4737 itusrirnlum

1133 4745 1271 4818 quoddam
1289 4746 1511 4801 committentium
1536 4748 1685 4818 aliqnando
1710 4752 1823 4821 amicis,
1842 4775 1896 4824 qno
1913 4757 1953 4810 si·

1132 4831 1309 4902 leutiijidem
1328 4832 1519 4901 experiamur,
1538 4845 1569 4887 ur
1585 4837 1611 4888 si
1627 4833 1772 4906 effutiunt,
1794 4841 1866 4894 nibil
1881 4841 1954 4911 peri·

1132 4917 1188 4971 culi
1202 4915 1247 4968 sr't.
1265 4914 1330 4968 lude
1347 4915 1408 4968 aliis
1427 4917 1525 4988 garruli
1546 4919 1585 4971 illi
1598 4931 1622 4972 et
1636 4925 1725 4976 omnis
1743 4926 1847 4980 silentii
1867 4929 1953 4999 inspa-

1133 5003 1229 5054 tientes
1247 4999 1321 5070 pleni
1339 4999 1467 5054 rimarum
1487 5003 1555 5076 band
1576 5005 1802 5077 maledicuntur,
1821 5011 1952 5085 quicquid

1135 5087 1207 5138 enim
1227 5083 1284 5136 illis
1302 5083 1487 5149 cornmiseris,
1512 5103 1575 5140 mox
1601 5087 1736 5144 effutiunt.
1760 5097 1861 5148 Verum
1887 5099 1953 5153 baec

1136 5187 1167 5222 eo
1185 5171 1279 5222 saltem
1298 5167 1451 5231 collimant,
1470 5171 1663 5239 explorandum
1682 5193 1741 5228 esse
1761 5177 1897 5248 ingenium
1918 5183 1952 5235 ii·

1135 5254 1202 5316 line,
1221 5254 1263 5305 cui
1278 5265 1375 5306 secreta
1394 5253 1597 5319 committenda,
1610 5257 1655 5309 sed
1670 5275 1766 5314 nexum
1781 5262 1954 5332 obligationis

1137 5335 1253 5390 nondum
1274 5345 1398 5405 tangunt,
1417 5354 1451 5390 an
1470 5337 1572 5391 scilicet
1589 5351 1749 5395 secretorum
1769 5344 1876 5399 ulterius
1894 5363 1954 5416 pur·

1137 5421 1218 5490 ticeps
1237 5419 1377 5483 redditus,
1395 5437 1448 5472 non
1467 5421 1601 5490 promisso
1625 5425 1706 5477 etiam
1726 5427 1852 5493 silentio,
1870 5429 1902 5482 ad
1923 5431 1954 5482 id

1135 5501 1283 5573 obligetur?
1301 5501 1378 5572 Quod
1397 5504 1489 5572 utiquc
1506 5501 1695 5560 affirmandum
1716 5513 1841 5575 aestimo,
1860 5513 1896 5568 ob
1915 5525 1953 5567 ts·

1137 5591 1218 5640 eitum
1233 5593 1370 5658 utriusque
1387 5605 1562 5652 consensum,
1581 5592 1626 5660 qni
1646 5594 1695 5647 boc
1711 5613 1772 5650 casn
1786 5599 1894 5664 snbest;
1914 5601 1951 5653 si·

1139 5677 1191 5734 cuti
1209 5679 1282 5733 enim
1302 5678 1385 5732 multa
1403 5675 1432 5733 in
1450 5677 1518 5752 ipsis
1535 5683 1715 5740 contractibus
1732 5685 1841 5744 silentiu
1859 5705 1954 5745 coure-
