4228 6240
186 319 237 394 ter
593 307 643 364 DE
662 299 840 364 aarum.
857 297 904 357 ar
921 295 1042 356 oetttt.
1062 293 1110 351 tu
1129 285 1290 350 suasura
1311 305 1371 350 ere.
1728 285 1780 372 39¹3
1808 269 1811 278 '
1839 312 1849 332 .

131 405 412 503 amplissimaque
434 401 618 483 territoria,
643 423 732 492 quae
753 398 867 465 animo
895 395 974 486 quis
1002 389 1120 458 tacitns
1142 405 1300 477 aucupet,
1330 411 1428 458 nemo
1450 387 1642 461 mortalium
1669 388 1736 484 ipei
1759 389 1828 462 eri·

134 525 219 596 ‚pm
244 509 372 583 „urat-3
389 495 446 563 ,ed
470 495 617 562 liborum
641 493 674 558 in
700 491 753 557 lais
776 487 932 554 omnibus
956 483 1019 574 ipsi
1044 479 1252 570 relinquitur
1275 477 1466 549 arbitrium:
1483 482 1575 576 quod
1592 483 1617 550 si
1634 481 1829 575 vero,quid

142 593 258 661 animo
275 588 429 668 moliare,
446 585 550 652 amico
571 605 734 674 exponas,
752 577 786 645 id
805 578 866 670 ipsi
883 573 1125 652 communicas,
1142 569 1231 662 quod
1250 583 1379 661 praeter
1395 571 1507 642 Deum
1523 573 1680 642 hactenus
1695 591 1832 642 noverat

141 702 251 750 nemo.
272 679 349 768 Qus
370 675 489 743 fiducia
512 673 545 739 id
569 673 699 752 seceris,
722 668 868 762 judicare
894 667 928 732 in
946 663 1084 754 proclivi
1100 673 1158 727 est.
1183 658 1382 752 Participem
1399 687 1478 732 eum
1503 676 1639 731 tuarum
1658 663 1830 754 cogitatio-

140 797 227 840 num
244 770 370 851 reddis,
387 766 465 833 inde
481 763 590 831 reddis
613 779 647 828 et
664 761 855 853 participum
881 755 1000 823 animi.
1018 752 1088 818 llac
1110 751 1239 818 ratione
1254 769 1327 842 post
1342 753 1453 822 Deum
1477 755 1529 822 illi
1544 754 1603 822 soli
1617 752 1702 828 fidis.
1719 753 1830 846 Rogas

142 866 186 930 ab
209 884 249 928 eo
271 859 459 938 silentium,
480 853 571 946 quod
597 853 763 946 promittit
786 860 912 940 sponte.
938 845 1101 912 Securum
1120 840 1200 908 inde
1223 859 1255 907 te
1275 843 1440 928 aestimas,
1462 845 1558 914 amici
1588 846 1702 914 animo
1725 845 1831 912 animi

144 954 195 1020 tui
212 949 370 1016 desideria
391 947 602 1016 commisisse.
629 945 689 1009 Ast
713 943 739 1008 si
766 953 874 1032 postea
911 958 1046 1028 perora
1071 933 1223 1000 omnium
1250 932 1387 1000 volitare
1410 935 1609 1014 adverteris,
1625 935 1831 1028 quodamici

145 1043 251 1112 utrius
274 1039 415 1106 auribus
440 1033 646 1114 credideras,
670 1052 819 1124 quantus
844 1027 923 1096 inde
946 1025 1008 1094 tibi
1033 1023 1143 1106 dolor,
1167 1046 1264 1090 nemo
1292 1047 1360 1089 non
1392 1025 1495 1092 videt.
1520 1027 1628 1093 Tanta
1653 1049 1731 1094 reru
1753 1024 1833 1094 lasea

146 1146 270 1202 secet-ta
329 1125 522 1219 reputantis,
548 1124 692 1217 neglecta
721 1119 848 1190 silentii
879 1117 959 1200 lide,
984 1114 1138 1207 perfidia,
1162 1130 1202 1180 ut
1228 1115 1339 1180 verbis
1362 1115 1396 1182 id
1423 1116 1534 1186 efferri
1561 1139 1604 1184 ex
1633 1117 1751 1184 merito
1773 1119 1832 1184 rix

208 1227 260 1288 sit.
315 1232 385 1286 erte
409 1241 447 1284 eo
470 1213 611 1307 rigidius
633 1211 809 1280 coercenda
834 1211 911 1278 baec
944 1207 1095 1298 perfidia,
1120 1228 1184 1297 qua
1210 1217 1316 1272 totum
1343 1205 1452 1272 civilis
1474 1208 1635 1275 societatis
1656 1207 1831 1277 vinculum

147 1331 195 1382 tta
223 1313 367 1390 laxatur,
393 1309 459 1374 into
483 1309 616 1396 penitus
638 1303 840 1370 dissolvitur.
865 1298 1046 1366 Communi
1070 1296 1130 1362 hoc
1153 1297 1314 1362 contineri
1339 1293 1482 1364 debebat
1504 1297 1690 1386 sade3hanc
1711 1298 1833 1366 verosi

145 1407 233 1474 civis
247 1403 313 1468 civi
330 1423 398 1466 nou
415 1398 612 1477 servaverit,
628 1395 732 1460 animi
757 1390 836 1458 inde
851 1388 1097 1470 dissolvuntur,
1115 1409 1173 1452 uec
1191 1385 1331 1453 feliciter
1354 1411 1526 1479 unquam,
1544 1388 1636 1481 quod
1654 1387 1690 1452 in
1717 1387 1833 1480 publi·

149 1519 226 1563 cunt
245 1491 396 1584 prodesse
414 1487 531 1580 possit,
547 1487 753 1552 eotnunicato
767 1481 904 1548 coattsttto
920 1479 1085 1566 suscipere
1102 1476 1273 1542 valebunt.
1286 1477 1350 1544 Nec
1365 1484 1455 1544 enim
1473 1481 1603 1570 privato
1618 1478 1681 1570 qui
1704 1479 1831 1546 silentii

151 1587 251 1652 fidem
268 1603 334 1647 noo
359 1593 485 1659 servat,
510 1576 605 1642 facile
628 1575 775 1641 servabit
796 1569 954 1662 Reipubl.
979 1569 1026 1634 Ut
1052 1591 1129 1634 vero
1152 1567 1230 1633 baec
1253 1587 1424 1653 servetur,
1448 1570 1587 1638 interest
1610 1590 1833 1661 summopere.

150 1678 367 1766 Quapropter
390 1685 485 1736 caute
510 1664 752 1756 procedendum
778 1661 845 1742 illi,
870 1659 930 1752 qui
954 1659 1084 1726 clavum
1109 1657 1254 1749 reipubl.
1280 1661 1487 1742 moderatur,
1509 1685 1551 1728 ne
1576 1660 1759 1752 promiscue
1782 1683 1834 1726 ar·

151 1791 232 1833 canu
263 1777 367 1829 status
389 1758 570 1827 committat
600 1755 773 1836 omnibus,
797 1751 856 1818 sed
911 1751 1001 1816 aucis
1029 1747 1161 1831 saltent,
1186 1749 1220 1812 in
1250 1751 1374 1842 quibus
1398 1751 1523 1818 silentii
1554 1752 1652 1818 lidetu
1683 1749 1836 1842 probavit

153 1871 264 1924 autea.
290 1853 453 1920 Pluribus
475 1845 645 1914 commissa
672 1847 852 1911 reticentur
900 1838 1053 1907 ifficilius.
1078 1836 1257 1905 Silentium
1289 1843 1380 1908 enim
1406 1842 1441 1908 in
1467 1855 1513 1908 tot
1537 1844 1740 1910 consciorum
1765 1839 1838 1905 ani·
1867 1919 1871 1926 ι

153 1949 219 2014 mis
243 1953 276 2010 et
299 1941 494 2032 corporibus
517 1937 637 2003 frustra
663 1929 832 2026 speraiur,
853 1931 960 1998 Tacit.
984 1927 1105 1996 annai.
1123 1927 1182 1998 tit.
1207 1929 1257 1997 15.
1281 1958 1310 1998 c.
1329 1933 1383 2022 59.
1402 1957 1438 1999 rr.
1457 1931 1487 1999 3.
1506 1931 1630 2000 Verum
1655 1929 1836 2022 quoniam,

153 2039 217 2104 ubi
241 2036 380 2102 virtutis
403 2053 495 2096 atuor
518 2027 645 2108 delicit,
662 2025 839 2092 formidine
864 2044 988 2112 poenae
1010 2017 1212 2114 quaudoque
1235 2021 1277 2089 ad
1300 2023 1471 2090 silentium
1495 2022 1652 2115 adigendi
1676 2021 1744 2102 illi,
1760 2021 1839 2112 qui·

146 2131 219 2196 bus
248 2127 418 2217 P¹l¹¹⁶⁰l³⁵t
444 2119 494 2187 vel
524 2116 726 2212 quandoque
762 2114 926 2206 privatus,
950 2113 1100 2178 animum
1138 2137 1236 2180 suum
1269 2113 1450 2204 explicuit,
1475 2115 1581 2180 visum
1612 2113 1672 2180 hoc
1694 2110 1838 2202 dignum

153 2218 390 2310 disquisitione
415 2211 545 2292 tlrema,
570 2211 605 2274 in
631 2231 700 2299 quo
728 2203 855 2296 ingenii
881 2201 966 2270 vires
995 2202 1207 2292 periclitarer.
1235 2203 1367 2270 Scilicet
1399 2227 1493 2295 agam
1523 2201 1565 2272 de
1587 2203 1648 2270 baa
1671 2216 1767 2292 rupta
1793 2202 1837 2268 si-

157 2309 253 2379 lentii
279 2307 362 2390 sule,
385 2305 525 2370 crimine
550 2301 629 2366 satis
652 2297 768 2375 atroci,
792 2292 879 2386 quod
904 2291 1092 2360 credentiae
1116 2293 1380 2361 manifestatione
1396 2307 1543 2362 notatum
1561 2294 1742 2362 votuerunt
1765 2293 1839 2360 seu·

154 2401 286 2472 daltum
314 2389 595 2462 consuetudinum
623 2385 865 2479 compilatores.
895 2382 1081 2473 Subjiciam
1110 2409 1263 2476 quoque,
1291 2386 1419 2476 quibus
1450 2386 1567 2478 poenis
1596 2385 1673 2452 bace
1699 2383 1839 2476 perfidia

154 2497 358 2560 coetueatur.
384 2483 458 2552 lton
482 2497 592 2546 tamen
617 2479 719 2546 solum
748 2477 832 2542 circa
858 2475 1047 2554 vassallum,
1071 2477 1126 2540 sed
1150 2495 1183 2542 et
1204 2475 1287 2542 alios
1314 2475 1440 2542 silentii
1469 2476 1680 2568 impatientes
1702 2497 1842 2565 occupa·

156 2585 232 2650 bor.
260 2578 305 2644 Et
328 2573 483 2667 quamvis
505 2573 548 2636 ob
572 2571 766 2661 gravitatem
793 2567 970 2655 praesentis
992 2565 1150 2630 materiae
1172 2567 1297 2655 apicem
1321 2591 1359 2631 es
1391 2581 1467 2631 roto
1489 2578 1624 2670 tangere
1648 2567 1703 2632 vix
1729 2563 1841 2654 liceatq

157 2673 260 2762 erigit
284 2681 392 2734 tamen
417 2666 567 2730 animum
592 2657 745 2728 benevoli
768 2656 897 2721 lectoris
919 2653 1029 2732 sator,
1051 2656 1112 2744 qui
1137 2679 1224 2748 quac
1247 2655 1396 2722 exercitii
1420 2655 1593 2722 academici
1618 2657 1720 2748 gratie
1746 2679 1762 2722 a
1788 2660 1843 2748 ju·

160 2759 267 2829 senili
295 2757 447 2848 ingenio,
471 2751 566 2844 plura
591 2749 699 2815 doceri
727 2744 867 2836 cupido,
891 2759 1140 2835 proponuntur,
1165 2769 1339 2837 nunqnam
1369 2745 1503 2812 sinistra
1526 2757 1643 2812 vertet.
1667 2746 1723 2813 Tu
1746 2765 1839 2828 veru,

157 2876 179 2918 o
206 2851 296 2916 Deus
317 2848 445 2938 optimc
472 2842 633 2921 maxime,
658 2842 693 2904 in
722 2858 790 2928 quo
817 2834 986 2902 silentium
1014 2844 1048 2900 et
1071 2857 1164 2928 spem
1192 2851 1335 2906 nostrata
1366 2835 1604 2922 fundavimus,
1627 2835 1758 2904 felicem
1785 2859 1841 2904 su·

157 2941 263 3031 saepti
288 2938 410 3005 laboris
434 2955 619 3001 successum
643 2929 776 3020 largire.

837 3115 867 3186 C
890 3115 922 3183 Α
944 3111 974 3182 P
998 3121 1030 3190 U
1053 3117 1085 3189 Τ
1130 3121 1161 3190 Ι.

394 3295 448 3362 De
469 3289 666 3374 credentia,
689 3301 718 3355 et
743 3284 954 3377 obligatione
977 3285 1027 3356 ad
1048 3305 1182 3358 secreta
1206 3289 1387 3360 reticenda
1409 3295 1446 3360 in
1467 3318 1605 3386 genere.

365 3481 412 3552 'S
432 3481 460 3535 U
475 3477 512 3532 tt!
525 3477 557 3530 M
574 3476 604 3530 A
625 3472 742 3530 1t1'A.
1025 3471 1157 3543 Eeenrpl·
1169 3474 1197 3529 in
1211 3486 1339 3544 apertura
1351 3476 1504 3532 alienarunt
1517 3474 1670 3534 literarum.
1685 3496 1711 3532 rr.
1727 3486 1769 3532 te.

1025 3561 1169 3628 Expressa
1180 3559 1285 3613 silentii
1291 3559 1437 3631 promissio
1451 3560 1546 3616 aalide
1559 3563 1670 3632 adligat.
1682 3579 1710 3616 ιι.
1726 3573 1770 3616 te.

157 3654 343 3708 lacerentur
356 3643 443 3698 verba
457 3644 537 3700 tituli.
548 3663 574 3698 rr.
591 3653 613 3697 t.
1026 3643 1194 3698 Declaratur
1205 3645 1329 3714 exemplo
1342 3645 1468 3714 depositi.
1480 3665 1507 3700 ιι.
1524 3657 1567 3700 ιι.
1576 3663 1635 3720 sep.

164 3735 289 3789 Vassctli
297 3731 446 3802 participes
458 3729 640 3784 consiliorum
652 3725 765 3781 domini.
779 3743 807 3777 n.
822 3734 846 3778 ι.
1025 3730 1169 3783 Probatur
1177 3729 1328 3799 scripturae
1342 3729 1427 3782 dietis.
1440 3749 1469 3784 ιι.
1484 3740 1526 3782 ιι.

157 3817 332 3874 credentiam
343 3813 452 3869 domini
462 3815 511 3868 snb
523 3831 618 3884 poena
628 3807 801 3884 privationis
809 3805 898 3882 J'eudi
907 3824 978 3866 rere·
1032 3815 1068 3868 Ut
1077 3823 1104 3867 et
1113 3810 1283 3868 ethnicorum
1294 3810 1448 3885 saffrapiis.
1461 3829 1490 3866 ιι.
1505 3823 1547 3866 ιι.

197 3903 259 3956 iare
270 3918 325 3952 ιιοιι
342 3899 448 3952 dedant.
460 3915 488 3950 ιι.
505 3909 518 3950 s

164 3985 239 4056 Quid
248 3983 408 4038 credentia?
419 3999 446 4033 ιι.
462 3991 486 4034 ι.
1029 3924 1203 4038 Barbariem
1222 3985 1294 4056 sapit
1312 3981 1504 4055 disputationis
1524 3981 1633 4046 titulus,
1646 3981 1710 4036 bitte
1728 3981 1807 4038 verba
1818 3997 1846 4038 e·

168 4070 316 4126 Varretlus
323 4069 482 4138 juramento
495 4066 533 4121 ad
542 4084 603 4121 eam
617 4065 763 4136 obligatur.
776 4083 804 4119 ιι.
818 4075 841 4117 ι.
1030 4069 1162 4124 aeusanda
1181 4070 1271 4140 prius,
1289 4089 1368 4138 quam
1389 4085 1497 4122 manum
1517 4068 1558 4121 rei
1574 4067 1737 4122 admoveam.
1756 4066 1848 4122 Libuit

162 4155 239 4224 Quid
250 4154 476 4221 intelligatnrper
488 4163 602 4206 mentem
617 4149 730 4203 deretini.
746 4147 805 4218 ²·s·
820 4161 883 4200 tar.
898 4153 923 4198 t.
1030 4155 1098 4208 milti
1118 4157 1234 4210 retinere
1259 4153 1387 4210 feudistae
1412 4169 1519 4218 vocem,
1535 4153 1582 4224 qui
1605 4149 1668 4220 ¹·s·
1691 4162 1729 4206 tr.
1748 4151 1788 4206 ita
1803 4153 1845 4208 lo·

165 4237 332 4301 credentiae
345 4236 512 4290 vocabulum
524 4235 597 4291 unde
609 4233 776 4290 deductam?
788 4251 818 4286 ιι.
831 4242 855 4284 t·
1030 4239 1135 4307 quitur:
1152 4237 1179 4290 si
1195 4236 1334 4306 capitanei
1350 4234 1519 4290 credentiam
1537 4233 1789 4306 manffestaaerirtt,
1802 4238 1847 4292 de·

162 4323 239 4393 Quid
249 4323 286 4375 sit
297 4321 411 4375 eredere.
425 4339 452 4373 rt.
468 4333 493 4374 t.
1031 4321 1129 4394 rtefiaio
1143 4338 1238 4377 carere
1249 4322 1356 4376 debent.
1369 4323 1479 4376 Scilicet
1490 4320 1611 4376 solebant
1627 4315 1687 4374 esse
1704 4323 1848 4396 participes

160 4411 205 4463 De
222 4409 425 4462 Germanorum
440 4403 598 4460 verearede
619 4415 688 4458 taen.
702 4421 730 4456 n.
742 4415 766 4457 ι.
1031 4405 1205 4458 eartsiliorum
1223 4407 1343 4460 vassalli:
1363 4407 1462 4478 quippe
1479 4407 1525 4477 qui
1542 4404 1577 4460 ob
1596 4401 1756 4460 beneficiam
1774 4423 1846 4462 acee-

158 4495 273 4554 Lr'terrte
285 4492 465 4546 eredentiules
475 4493 638 4563 legatarum.
652 4509 681 4545 ιι.
698 4503 738 4545 tu.
1032 4501 1105 4560 ptum
1120 4488 1172 4560 ipsi
1186 4487 1296 4544 domino
1316 4509 1378 4544 mox
1391 4490 1424 4544 ad
1435 4491 1578 4544 consilium
1589 4500 1617 4544 et
1629 4492 1757 4545 auxilium
1771 4509 1848 4565 prae·

165 4583 261 4649 Quare
274 4575 317 4630 leis
328 4574 457 4630 instructi
467 4593 525 4630 esse
536 4575 602 4629 debe
613 4575 674 4628 nt?
686 4593 714 4629 ιι.
731 4585 771 4628 ιι.
783 4590 837 4644 seq.
1032 4571 1154 4626 standum
1171 4573 1333 4642 obligantur.
1349 4586 1374 4626 ι.
1381 4573 1414 4645 s
1428 4587 1451 4630 e.
1468 4592 1542 4630 vers·
1552 4575 1685 4647 sedenis.
1705 4577 1778 4631 Hine
1794 4595 1848 4649 qao

161 4659 363 4730 Credit-Brieff
368 4658 439 4714 inter
451 4671 624 4715 ntereatores.
638 4678 666 4711 rr.
685 4672 726 4713 tt.
1033 4659 1116 4710 tutius
1135 4657 1244 4715 domino
1261 4658 1293 4731 lta
1311 4659 1481 4713 vassallorum
1500 4657 1554 4713 fite
1577 4667 1649 4714 esset
1665 4661 1848 4732 praesidium,

158 4753 208 4800 An
231 4755 421 4798 mercatores·
440 4743 528 4798 literis
545 4743 699 4800 credentiae
718 4753 847 4798 teneatur
869 4741 982 4797 actione
1030 4742 1142 4796 solemni
1161 4744 1333 4814 jurejurando
1351 4741 1508 4798 lidelitatera
1533 4744 1713 4815 spondebant,
1732 4746 1848 4818 promit·

195 4830 342 4888 mandati?
355 4849 383 4885 n.
401 4839 440 4884 tt.
1033 4828 1187 4898 tabantque,
1205 4826 1343 4882 scamnis
1362 4828 1493 4893 iacturas,
1511 4845 1578 4900 quae
1600 4827 1633 4880 stl
1651 4829 1755 4884 domini
1775 4829 1850 4884 atili·

158 4917 207 4970 An
221 4915 298 4969 atter
309 4912 436 4967 alterici
447 4924 552 4968 secreta
564 4908 981 4970 commissssdsilentittmaltli·
1033 4919 1126 4979 tatem,
1146 4912 1317 4966 securitatem
1335 4919 1363 4964 et
1382 4911 1545 4966 boaestateta
1569 4913 1621 4966 ulta
1639 4915 1744 4968 ratione
1761 4915 1847 4986 perti·

192 4999 292 5068 petar?
304 5015 334 5051 a.
353 5008 393 5049 ιι.
1032 5013 1096 5049 nere
1113 4996 1252 5051 crederent
1269 4997 1294 5050 d.
1316 5007 1339 5049 t.
1347 4995 1380 5068 s
1401 5009 1425 5048 s.
1443 4995 1494 5050 idi:
1513 4997 1782 5066 incommensurati,
1799 4999 1849 5058 da·

159 5081 227 5137 dola
242 5091 408 5136 secretorum
428 5077 587 5134 commissio
602 5080 663 5134 sine
681 5077 860 5153 stipulatione
877 5077 983 5134 silentii
1030 5090 1144 5135 nestum.
1163 5080 1231 5136 Cura
1248 5097 1311 5136 seeo
1328 5078 1433 5134 domiui
1452 5083 1623 5138 securitatem
1640 5101 1719 5154 qaam
1731 5087 1849 5142 maritae

195 5183 234 5218 en
247 5165 348 5235 alliget
362 5165 402 5220 ad
411 5166 573 5220 silentium?
585 5185 613 5220 ιι.
628 5178 668 5221 ιι.
681 5184 757 5240 seqq.
1031 5177 1212 5238 promoveret,
1233 5167 1257 5220 si
1274 5165 1382 5231 omnia,
1401 5183 1467 5235 quae
1485 5168 1652 5221 vassallorum
1670 5169 1849 5230 mosdetttiae

160 5247 503 5322 Decidituraffirmative.
517 5271 548 5306 ιι.
563 5263 603 5304 ιι.
1001 5271 1002 5276 “
1029 5249 1194 5318 concredita,
1212 5268 1317 5306 samma
1335 5251 1441 5306 silentii
1457 5249 1513 5306 lide
1533 5263 1699 5321 tegerentur,
1718 5253 1769 5307 sub
1786 5271 1849 5324 poe

158 5331 273 5388 stt-nau·
280 5335 433 5401 praestatio
445 5343 485 5386 est
498 5333 605 5405 eep'are
618 5347 735 5390 naturae
747 5355 776 5389 ιι.
791 5345 832 5389 ιο.
1031 5351 1064 5388 na
1082 5335 1240 5406 privationis
1259 5335 1333 5388 leudi
1352 5334 1421 5406 ipsis
1440 5335 1631 5406 injungendum
1651 5337 1717 5406 tuit,
1731 5355 1765 5394 tae
1782 5341 1850 5410 pstt'·

163 5416 239 5486 Quid
246 5416 274 5469 si
281 5415 425 5486 profitens
438 5419 507 5472 nolit
518 5419 548 5473 id
559 5436 615 5474 esse
627 5419 780 5476 secretam?
792 5440 818 5472 n.
835 5429 878 5473 at.
1031 5418 1127 5474 darent
1143 5439 1159 5474 a
1171 5417 1284 5474 domino
1302 5420 1356 5474 sibi
1373 5419 1474 5476 credita
1494 5438 1604 5489 areana,
1616 5439 1662 5478 asu
1678 5422 1847 5478 credentiam

161 5503 276 5570 Semper
293 5501 455 5566 uidendum,
469 5518 506 5556 ars
521 5505 713 5576 propalatione
724 5505 830 5562 silentii
846 5506 980 5560 damatam
1029 5505 1104 5558 illam
1122 5505 1278 5558 revelarent.

197 5585 357 5641 incursurus
369 5585 461 5640 atter?
473 5605 501 5640 n.
515 5597 558 5640 ιι.
570 5605 627 5661 sep.
1066 5587 1174 5644 consus
1188 5585 1301 5652 exinde,
1321 5587 1485 5644 credentiam
1504 5606 1563 5646 esee
1581 5586 1648 5642 illud
1665 5588 1753 5658 ipsam
1772 5605 1845 5644 arca-
1883 5593 1898 5640 t

160 5665 265 5722 ratem
280 5666 364 5721 enoda
377 5679 542 5724 secretarum
555 5671 683 5727 notitiam
702 5679 878 5739 remeantia,
891 5667 980 5742 tnagis
1029 5691 1092 5728 uum
1111 5675 1150 5728 ret
1168 5685 1311 5736 secretum,
1323 5675 1394 5746 quud
1409 5675 1521 5728 vassattu
1538 5673 1639 5727 aiendi
1651 5671 1761 5725 domino
1773 5691 1847 5728 ecm-

197 5747 380 5821 obstringitur
390 5751 586 5810 adsidentium.
598 5775 625 5810 ιι.
641 5767 682 5811 ιι.
1033 5761 1152 5814 nissum.
1173 5758 1225 5813 Da.
1244 5755 1345 5812 bitseb.
1360 5777 1460 5814 σοιιιιιι.
1473 5759 1530 5829 jar.
1537 5755 1621 5828 send.
1647 5757 1685 5812 ad
1716 5752 1783 5825 ¹·ss
1805 5767 1845 5812 tt.

255 5835 362 5912 d'trslr'i
382 5837 520 5894 Vol-111.
800 5884 802 5890 .
1580 5849 1613 5895 ts
