4204 6250
353 332 404 372 noa
913 313 1104 372 ntsrurtn.
1122 315 1173 374 tlt.
1190 318 1306 378 CAPUT
1323 321 1370 376 tv.

1873 320 1923 374 441

298 373 462 474 Clausulae:
483 432 518 470 ne
536 411 571 468 ab
590 432 622 470 eo
643 410 781 480 appellare
796 403 903 472 liceat,-
920 407 980 464 4444
1000 410 1118 477 appello·
1164 409 1488 483 princ.ff.lere1'udic.
1502 412 1519 466 l.
1533 431 1655 485 eaquae.
1670 423 1694 468 t.
1707 431 1729 468 c.
1742 429 1831 482 onorn.
1845 421 1871 467 et
1884 413 1974 486 quand.

336 501 411 555 tione
426 509 551 565 remota,·
569 519 605 555 on
625 495 761 555 nullitats's
780 495 918 568 guerelom
936 495 1117 550 removeant?
1162 495 1222 566 jud.
1242 498 1329 554 Clem.
1340 515 1421 570 saepe
1434 497 1577 568 contingit.
1597 498 1631 552 de
1648 518 1671 554 o.
1688 516 1710 552 s.
1728 498 1863 570 Myusiug.
1882 509 1974 552 ceatur.

337 604 364 638 n.
385 597 427 638 44.
449 594 491 636 42.

1172 592 1194 633 4.
1213 583 1273 636 als.
1292 595 1334 636 44.
1353 581 1466 637 abundat
1484 593 1571 635 4444444
1589 583 1680 636 citatio
1693 583 1742 654 (4.)
1755 584 1783 636 44
1796 583 1925 636 molentis
1938 582 1975 636 444-

300 673 439 723 statutum
463 663 613 739 prohibens
635 663 845 739 appellationem
863 682 901 720 an
919 683 1118 736 superuacuum
1169 665 1354 733 ueteratorie,
1369 667 1393 719 ei
1406 667 1475 721 14444
1492 665 1653 737 prnejudicii
1673 668 1726 733 sit,
1744 668 1902 721 4444444144
1914 683 1974 734 spec.

336 751 395 806 sit?
414 772 440 808 n.
463 764 504 806 44.

1167 767 1228 803 aur.
1245 760 1319 820 part.
1342 763 1365 804 4.
1383 751 1426 806 tit.
1445 751 1478 804 de
1496 761 1611 805 sentent.
1625 771 1652 806 n.
1669 764 1709 804 44.
1730 753 1780 804 Du.
1799 751 1938 806 brunnem.
1949 751 1974 803 in

299 827 506 898 Supervacuum
524 836 579 894 est,
599 834 629 880 ut
646 823 735 878 altero
754 821 783 876 in
802 838 887 876 eausa
903 820 1051 894 principali
1068 845 1119 896 ap·
1167 849 1288 902 process.
1310 833 1381 888 civil.
1399 851 1457 904 rap.
1479 845 1559 888 tt.n.
1576 848 1599 889 4.
1613 836 1664 908 (2.)
1682 837 1710 889 44
1731 837 1861 891 sententia
1874 837 1975 904 arbitri,
2024 851 2037 894 4

336 910 458 980 pellente
476 910 548 963 alter
564 908 675 962 ratione
693 924 877 978 expensarum
897 910 1019 978 appellet.
1032 931 1061 966 n.
1078 924 1120 968 44.
1167 933 1234 987 quae
1252 918 1347 972 ultima
1366 919 1553 989 compromissi
1572 919 1617 974 4144
1634 939 1648 972 4
1667 921 1791 990 partibus
1816 931 1911 974 statuta
1932 921 1976 974 ler-

301 994 458 1066 Appellatio
476 1004 541 1065 post
558 995 715 1050 decendium
734 1004 774 1047 est
791 1011 972 1065 supervacue.
987 1015 1014 1048 n.
1030 1010 1072 1052 tt.
1170 1010 1233 1070 tur,
1252 1003 1389 1058 Lanlranc.
1413 1004 1445 1056 de
1463 1005 1555 1059 0444444.
1574 1007 1602 1060 in
1620 1023 1705 1076 praa.
1722 1006 1809 1076 judic.
1829 1023 1891 1076 cap.
1913 1017 1932 1058 t.
1946 1007 1978 1062 ds

302 1083 350 1135 An
369 1089 470 1134 statuto
487 1080 622 1142 perseniae
638 1076 836 1150 depositionem
855 1077 975 1150 exigenti
990 1079 1123 1152 satisfieri
1169 1087 1243 1142 41441.
1262 1109 1292 1143 n.
1318 1101 1360 1143 42.
1378 1087 1430 1162 (4.)
1449 1089 1478 1144 Si
1498 1089 1620 1144 4444444144
1639 1091 1667 1144 io
1687 1090 1788 1158 judicio
1807 1107 1929 1161 praesens
1941 1092 1978 1156 444,

344 1179 452 1218 necesse
469 1161 527 1217 sit?
544 1183 573 1217 n.
594 1174 636 1216 44.

1168 1187 1224 1240 erg.
1244 1171 1262 1224 4.
1281 1173 1367 1228 etiam
1385 1177 1410 1225 si
1429 1193 1448 1228 a
1464 1183 1546 1243 patre
1577 1184 1617 1226 44.
1637 1181 1659 1238 t.
1679 1175 1727 1228 ult.
1746 1177 1817 1230 cert.
1835 1185 1978 1243 praesente,

301 1248 671 1322 diuerbaliterappellatum
679 1245 759 1320 ficit,
778 1246 940 1305 abundatia
954 1247 1063 1320 scriptis
1076 1248 1121 1304 de·
1171 1255 1214 1309 sel
1230 1259 1268 1312 ad
1291 1260 1434 1328 agendum.
1453 1270 1481 1312 et
1498 1279 1520 1314 e.
1538 1256 1580 1327 ff·
1606 1259 1639 1312 de
1663 1261 1762 1314 minor.
1781 1260 1808 1312 d.
1826 1261 1845 1314 l.
1863 1262 1897 1315 de
1914 1279 1976 1314 nno-

343 1353 399 1388 nno
420 1335 566 1402 appellare.
583 1351 609 1388 n.
630 1346 672 1388 44.

1171 1359 1279 1414 guoque
1297 1353 1339 1396 tt.
1354 1345 1441 1416 princ.
1450 1342 1494 1414 ff.
1512 1345 1545 1398 de
1562 1362 1593 1397 re
1605 1345 1663 1416 jad
1683 1346 1731 1400 ubi
1750 1347 1865 1400 41444444.
1878 1357 1904 1399 44
1925 1348 1979 1400 zos.

307 1423 400 1476 Error
417 1417 445 1472 in
464 1419 620 1475 abundanti
629 1417 732 1492 judicis
748 1416 940 1474 nominatione
959 1437 1015 1472 non
1035 1418 1121 1477 vitiat.
1170 1444 1196 1479 n.
1218 1439 1242 1480 4.
1261 1427 1354 1482 dicens
1373 1430 1520 1484 Bartolum
1547 1430 1686 1484 bominem
1709 1431 1807 1486 dueum
1825 1443 1852 1485 et
1868 1441 1980 1502 caprola

339 1531 368 1564 n.
388 1523 430 1566 44.

1157 1509 1275 1580 srante;
1301 1512 1353 1586 (4.)
1382 1515 1412 1566 ln
1439 1515 1543 1582 iudicio
1562 1517 1701 1582 mmersli3
1720 1516 1767 1568 ubi
1794 1525 1884 1586 partes
1908 1515 1982 1568 semel

308 1595 474 1654 Reuerentia
493 1596 511 1648 l.
527 1611 581 1668 per
596 1596 670 1650 444444
692 1590 828 1650 divinam.
847 1600 872 1646 t.
890 1591 1021 1648 abundat.
1045 1611 1121 1650 nunt·
1169 1597 1205 1650 ad
1223 1606 1305 1652 4444444
1326 1615 1433 1652 oausam
1455 1600 1577 1670 legitime
1585 1612 1609 1653 et
1625 1601 1806 1672 peremptorie
1824 1600 1916 1653 citatae
1932 1617 1985 1652 esse

340 1697 383 1738 19.
403 1695 444 1738 40.

1171 1680 1364 1750 44414444,44444
1385 1687 1513 1739 alterutra
1533 1685 1601 1739 44444
1620 1702 1680 1758 pars
1702 1695 1764 1756 post
1789 1685 1982 1739 conclusionem

305 1767 409 1822 Petilio
428 1766 616 1838 apostolorum
635 1782 673 1819 an
687 1761 889 1818 tontecaouta
902 1760 1050 1818 abundans
1066 1759 1122 1818 sit?
1171 1788 1263 1825 „uere
1283 1781 1385 1825 motura
1403 1769 1500 1838 ἰωῆς
1519 1790 1572 1843 quo
1591 1790 1653 1826 cren
1673 1773 1764 1828 haeres
1784 1773 1840 1842 ejus
1856 1809 1864 1834 ,
1882 1772 1983 1825 estrees·

241 1871 249 1882 ¹
341 1870 369 1904 n.
390 1863 431 1904 ll.

1171 1867 1246 1926 parte
1263 1857 1313 1910 hoe
1331 1867 1453 1926 petente,
1466 1857 1498 1910 ad
1513 1858 1670 1912 audiendam
1690 1859 1852 1913 sententiam
1866 1855 1983 1911 citandus

309 1937 406 1992 Cautio
431 1937 463 1992 de
488 1935 641 1993 exercenda
659 1932 861 2006 provocatione
883 1947 1056 2004 supervacua
1074 1939 1122 1986 est.
1172 1942 1233 2004 θήῃ,
1247 1942 1318 1996 ogit,
1332 1944 1349 1995 ι,
1367 1953 1391 1994 r,
1407 1943 1464 1997 obs,
1478 1953 1534 1997 too.
1549 1961 1575 1996 η,
1592 1955 1614 1998 ³,

341 2044 369 2076 n.
392 2035 433 2078 tt.

1206 2028 1256 2082 Ill.
1275 2027 1347 2082 Licet
1365 2029 1498 2082 cententio
1516 2025 1655 2083 4144444444
1680 2028 1926 2084 condemnationem
1946 2029 1985 2084 441
2036 2023 2048 2064 ²

301 2113 487 2172 inhibitiones
505 2110 649 2180 leodiepro
663 2109 817 2166 abundanti
833 2108 941 2164 cautela
960 2106 1122 2162 deterrito·
1171 2112 1361 2167 absolutionem
1388 2113 1548 2182 regulariter
1572 2113 1710 2166 continere
1735 2113 1845 2178 debeat,
1871 2114 1890 2166 1.
1913 2126 1933 2167 4.
1946 2112 1986 2185 ff.

340 2199 404 2251 lent.
421 2219 450 2252 n.
471 2210 512 2253 44.

311 2281 502 2348 Gramina,
521 2282 548 2336 si
564 2281 636 2336 4444441
654 2282 721 2341 nori
736 2279 911 2345 contineant,
924 2279 1015 2335 solent
1031 2295 1127 2350 super-

331 2368 401 2438 flua
417 2366 607 2438 pronunciari.
624 2385 652 2420 n.
673 2377 714 2418 44.

309 2454 456 2510 Restitutio
470 2454 497 2508 in
513 2454 648 2522 integrum
662 2465 828 2524 supervacuo
840 2459 895 2515 est,
906 2450 933 2504 si
942 2445 1055 2504 nullitas
1068 2466 1126 2503 ma·

344 2537 451 2610 nilesta
471 2539 514 2594 444.
533 2557 561 2592 n.
582 2550 624 2592 44.

576 2707 624 2760 DE
644 2705 853 2763 SENTENTIA.

241 2900 252 2944 g
309 2807 522 2922 SENTENTIA
543 2875 581 2918 444
602 2859 784 2936 pronunciatio
802 2859 917 2929 judicis,
936 2857 1021 2930 qualis
1036 2859 1064 2912 44
1086 2862 1125 2928 444-

309 2939 380 2994 44444
405 2941 503 3012 agitate
527 2936 676 3002 definitur,
706 2952 764 3004 urg.
790 2935 808 2986 l.
839 2947 862 2987 4.
877 2933 920 3006 ff
942 2937 1023 2988 dere
1042 2933 1125 3002 judic.

1172 2201 1205 2255 de
1222 2217 1252 2254 re
1264 2198 1350 2269 judie
1365 2198 1385 2248 1.
1399 2214 1511 2268 praeses
1530 2210 1554 2250 ³·
1572 2217 1595 2252 c.
1615 2198 1648 2252 de
1665 2209 1734 2252 sent.
1753 2211 1780 2252 et
1798 2198 1920 2254 insertae.
1931 2201 1985 2253 144·

1176 2295 1245 2340 4444.
1264 2285 1292 2338 in
1309 2301 1381 2354 spec·
1402 2301 1460 2338 aur.
1479 2293 1553 2354 part.
1574 2296 1598 2334 4.
1617 2282 1657 2336 444.
1675 2283 1709 2335 de
1726 2293 1796 2336 sent.
1815 2301 1844 2336 n.
1865 2295 1889 2337 4.
1907 2288 1986 2339 Vaut.
2041 2309 2056 2350 g

1173 2371 1207 2425 de
1225 2369 1369 2426 4444114444
1387 2367 1483 2436 4444444.
1500 2384 1618 2438 process.
1638 2386 1665 2419 n.
1685 2367 1806 2421 441144
1826 2385 1929 2422 necesse
1949 2379 1987 2422 44-

1175 2472 1235 2508 men
1254 2463 1310 2518 est,
1330 2463 1359 2506 ut
1377 2451 1565 2506 absolutionis
1590 2451 1630 2506 rel
1656 2450 1895 2505 condemnationis
1912 2453 1988 2506 444144

1174 2538 1293 2611 praecise
1318 2539 1492 2600 inserantur,
1511 2554 1568 2608 arg·
1587 2536 1605 2587 l.
1623 2535 1653 2588 in
1673 2536 1824 2589 sententiis.
1844 2549 1886 2589 44.
1902 2538 1987 2605 prino.

1165 2622 1206 2693 ff
1225 2623 1307 2676 dere
1323 2621 1411 2692 judic.
1431 2621 1461 2674 in
1481 2621 1523 2674 leis
1545 2632 1585 2672 44.
1602 2639 1631 2672 m.
1658 2622 1692 2674 de
1717 2639 1746 2672 v.
1763 2638 1786 2674 s.
1808 2621 1908 2691 specul.
1926 2623 1944 2674 4.
1965 2633 1988 2674 2.

1175 2705 1215 2759 tit.
1235 2703 1269 2759 de
1288 2716 1357 2759 sent.
1379 2702 1403 2776 5.
1426 2718 1450 2757 4.
1470 2725 1498 2758 44.
1512 2705 1610 2758 4.]414.
1626 2708 1693 2758 l'etr.
1707 2704 1739 2757 414
1752 2706 1856 2758 Ferrnr.
1867 2707 1895 2759 in
1899 2705 1991 2776 firm.

1173 2801 1245 2844 sent.
1262 2791 1344 2863 defin.
1357 2789 1386 2844 in
1400 2790 1472 2844 reeb.
1490 2806 1542 2842 nos
1559 2790 1753 2844 Bernardinur
1771 2809 1798 2843 n.
1820 2801 1862 2844 to.
1879 2793 1993 2847 bierunt.

1175 2876 1205 2929 in
1221 2892 1294 2946 spec.
1313 2891 1372 2928 aar.
1388 2885 1460 2944 part.
1482 2886 1506 2927 4.
1525 2873 1565 2927 444.
1584 2873 1617 2926 414
1635 2884 1749 2928 sentent.
1767 2892 1794 2926 n.
1813 2887 1872 2930 422.
1885 2887 1912 2928 et
1920 2894 1993 2952 segg.

1175 2961 1228 3012 Dn.
1249 2959 1351 3011 1144444.
1371 2959 1400 3012 in
1417 2973 1539 3030 process.
1565 2957 1638 3012 civil.
1658 2975 1680 3012 4.
1701 2971 1741 3011 24.
1760 2976 1787 3010 n.
1809 2971 1850 3011 24.
1870 2960 1994 3032 idemque

307 3024 326 3076 ¹·
345 3025 462 3094 iliam·
486 3037 525 3078 ¹⁰·
544 3029 563 3082 3·
587 3021 658 3092 '¹ff·
683 3023 715 3075 ‘i‘
738 3031 835 3088 '‘⁶⁶¹²'‘
860 3021 909 3091 im·
931 3017 1025 3074 ΨΜ·
1043 3018 1062 3070 ²·
1083 3027 1124 3070 ²¹·
1174 3047 1204 3100 in
1221 3047 1444 3118 appellationibus
1461 3046 1587 3100 obtinere
1606 3055 1717 3100 testatur
1736 3045 1839 3100 444411.
1856 3061 1879 3103 4.
1897 3051 1954 3104 ols.
1969 3061 1994 3103 2.

282 3134 285 3140 ¹
306 3125 380 3163 vers.
397 3109 448 3162 sed
464 3109 601 3164 aduersus.
622 3127 643 3161 4.
663 3107 695 3161 de
714 3107 837 3175 appellat.
858 3124 881 3158 4.
894 3103 1074 3176 jurgantium.
1100 3113 1123 3155 2.

1174 3151 1199 3186 n.
1221 3143 1245 3186 4.
1262 3148 1334 3204 seqq.

239 3209 254 3250 ²
308 3181 663 3262 ''dim““nindfffi
685 3191 897 3262 fflfflifflquss·
918 3187 1124 3260 ⁸b⁰⁰d⁸¹tq¹¹⁰'
1209 3217 1352 3269 Utentem
1375 3215 1424 3268 141.
1445 3214 1995 3286 sententiaabsolutionem‚relconderu·
2056 3225 2072 3266 ⁹

308 3279 359 3332 4444
378 3279 413 3331 144
432 3289 494 3332 ante
513 3277 753 3348 promulgationem
774 3277 858 3347 ipsius
877 3276 960 3348 sopita
979 3284 1034 3338 est;
1053 3275 1125 3329 selu·

1175 3304 1310 3354 notionem
1329 3313 1425 3354 certam
1443 3300 1583 3354 continere
1601 3299 1694 3364 debet,
1709 3301 1727 3353 l.
1745 3301 1774 3354 in
1792 3305 1935 3359 sententiis
1949 3319 1993 3359 44.

307 3364 330 3416 44
349 3361 400 3437 (4.)
419 3363 442 3416 ri
461 3364 493 3416 414
510 3365 560 3418 1444
579 3373 741 3417 transactum
762 3361 893 3426 444444ς4.
906 3380 963 3414 non
984 3359 1125 3414 minorem.
1174 3385 1260 3452 pfl-M·
1280 3393 1301 3448 g·
1324 3397 1347 3439 ¹·
1367 3396 1392 3439 ο,
1410 3383 1518 3459 „pff
1548 3385 1582 3438 pe
1603 3400 1634 3438 re
1653 3384 1739 3453 judic·
1758 3396 1777 3439 ι
1796 3398 1818 3440 ,θ
1833 3407 1856 3442 ε·
1876 3389 1909 3442 de
1925 3396 1995 3442 mg·

312 3459 354 3503 ²⁰·
373 3467 396 3502 ⁶¹
415 3451 448 3532 ‘i‘
465 3461 595 3504 “⁶⁸³⁰⁶‘'
611 3448 848 3522 ‘'fusius‘''Qm
869 3446 946 3518 ²'ff‘
965 3446 1128 3518 d‘iur‘im'·
1176 3468 1315 3542 quaefin.
1332 3481 1396 3522 cert.
1415 3481 1510 3541 quant.
1528 3476 1686 3526 Wurmser.
1707 3483 1795 3540 procl.
1810 3471 1926 3542 Jbrens.
1955 3475 1999 3528 tit.

304 3535 380 3608 limi·
400 3538 418 3588 ¹·
436 3533 629 3590 mmmmm·
653 3545 693 3588 ¹⁴·
709 3531 752 3602 ff·
777 3534 811 3586 δ’
832 3542 963 3589 'mmm
990 3531 1126 3584 Bmhost
1174 3556 1208 3609 de
1225 3565 1340 3608 44444444.
1361 3564 1403 3605 22.
1427 3555 1486 3607 als.
1507 3567 1531 3608 4.
1550 3556 1586 3608 444
1606 3557 1773 3608 econtrario
1798 3557 1929 3610 sententia
1955 3557 2000 3609 in-

307 3621 340 3676 de
358 3633 492 3676 transcat.
510 3639 534 3676 4.
553 3621 600 3677 ult.
619 3641 647 3674 n.
664 3632 685 3673 t.
699 3621 771 3674 Eric.
790 3619 901 3674 14444444.
921 3618 1017 3674 consil.
1033 3616 1127 3672 Kilon.

241 3713 255 3758 4
311 3715 386 3777 port.
408 3716 431 3755 2.
456 3704 553 3758 consil.
577 3719 601 3758 4.
625 3704 741 3778 Tubing.
761 3724 787 3758 n.
811 3715 850 3758 44.
879 3701 966 3773 Adeo,
986 3711 1032 3768 44,
1051 3702 1075 3754 44
1094 3717 1126 3755 ex

315 3789 461 3844 abundanti
480 3791 613 3844 sententio
632 3789 755 3856 4444444,
782 3810 810 3845 en
837 3792 894 3861 ipss
924 3789 1126 3842 transactionem

310 3879 430 3947 legitime
449 3877 544 3931 iactam
559 3877 710 3932 rescindere
727 3895 780 3930 nnn
799 3878 884 3930 ualeat
901 3894 957 3949 arg.
972 3877 990 3930 l.
1000 3887 1062 3947 post
1070 3893 1127 3930 rem

312 3963 476 4034 judicatam.
505 3971 545 4014 44.
560 3957 603 4029 ff.
627 3961 660 4014 rte
684 3961 979 4014 transactionum.
1003 3969 1045 4012 44.
1063 3961 1093 4012 ‹t-
1110 3959 1129 4010 t.

313 4067 370 4102 non
389 4049 532 4104 minorem.
554 4059 596 4100 2ο.
616 4046 634 4098 l.
642 4045 760 4116 fratris.
790 4059 832 4099 44.
857 4045 886 4098 in
899 4042 960 4114 fier.
977 4061 1000 4096 c.
1022 4043 1081 4097 ead.
1106 4052 1132 4094 et

1176 3649 1247 3694 certa
1272 3655 1429 3711 superuacua
1456 3649 1483 3693 et
1508 3641 1581 3694 nulla
1607 3649 1664 3704 444,
1691 3640 1797 3712 specul.
1816 3643 1834 3694 l.
1861 3653 1885 3694 2.
1904 3643 1944 3695 tit.
1966 3643 2001 3696 de

1175 3737 1243 3780 sent.
1262 3733 1283 3790 §.
1304 3739 1327 3778 4.
1346 3745 1374 3780 n.
1395 3739 1418 3778 4.
1437 3729 1553 3780 Μ44444.
1573 3727 1599 3779 d.
1614 3735 1686 3798 port.
1714 3739 1737 3781 4.
1763 3727 1805 3782 tit.
1825 3731 1858 3783 de
1873 3741 2002 3784 sentent.

1176 3809 1289 3885 diffluit.
1309 3811 1336 3866 in
1361 3811 1436 3865 ueri.
1461 3827 1513 3865 nus
1538 3811 1731 3866 Bernardinns
1749 3832 1777 3866 n.
1798 3824 1839 3868 44.
1859 3817 1952 3870 veluti
1973 3816 1999 3871 44
2070 3825 2094 3869 44

1178 3897 1257 3966 judex
1276 3897 1455 3967 pronunciet:
1484 3895 1595 3948 absoluo
1623 3895 1839 3964 absolvendum,
1867 3900 1909 3952 uel
1933 3917 2005 3952 eon-

1178 3983 1277 4036 demno
1302 3979 1560 4046 condemnandum,
1577 3990 1659 4049 prout
1676 3999 1713 4032 ere
1731 3981 1801 4034 ortis
1820 3984 2005 4052 apparuerit.-

1180 4081 1285 4133 argum.
1305 4063 1323 4115 l.
1345 4073 1367 4113 4.
1387 4071 1407 4126 §.
1429 4077 1452 4116 4.
1473 4062 1566 4132 infin.
1582 4063 1671 4133 janot.
1689 4065 1708 4117 1.
1729 4078 1773 4118 44.
1792 4074 1814 4130 ς.
1835 4077 1858 4120 2.
1868 4065 2010 4138 ffidere

316 4154 375 4205 ⁰58·
394 4137 412 4188 Ῑ·
431 4145 456 4186 ⁸·
476 4133 510 4186 ‘i‘
529 4133 631 4202 4144941·
654 4133 708 4185 11111
736 4141 797 4201 P⁰¹¹
820 4131 1026 4184 ¹³⁰⁵³⁰¹i⁰¹¹ffi¹
1044 4129 1079 4182 ¹3⁸
1097 4149 1129 4182 ¹¹·
1175 4149 1257 4220 judic.
1274 4149 1395 4218 quemuis
1412 4158 1484 4202 certo
1504 4167 1634 4202 4444444444
1649 4151 2012 4208 commendationum·

315 4219 425 4289 141411411ο
449 4228 612 4282 ε0414114144
632 4225 659 4270 ⁶²
680 4216 734 4268 ‘¹⁰¹3
759 4213 904 4285 exce9¹3⁰·
928 4232 995 4286 ‘1⁰³⁰
1018 4215 1060 4280 ‘it
1084 4217 1130 4285 ι1ιὶὶ
1181 4253 1234 4290 444.
1252 4244 1333 4288 tract.
1352 4233 1450 4287 nantel.
1469 4252 1489 4286 4.
1511 4241 1551 4288 44.
1571 4253 1598 4287 n.
1622 4246 1644 4286 t.
1668 4235 1731 4288 Vel:
1752 4235 1906 4290 condemna
1926 4239 1955 4291 si
1975 4241 2015 4294 de

317 4313 409 4355 contra
428 4301 633 4355 transactionem
652 4297 865 4370 experiebatur,
883 4299 981 4370 opponi
1000 4298 1128 4366 debebat,

310 4389 449 4458 neglecta,
468 4400 494 4442 44
511 4387 624 4459 proinde
641 4387 676 4440 de
695 4386 870 4442 transtatione
888 4401 1019 4440 reuersum
1039 4385 1130 4451 luerit,

313 4472 332 4526 l.
347 4474 494 4542 eleganter.
515 4483 556 4524 24.
575 4469 598 4543 5.
617 4473 644 4526 si
660 4473 720 4545 quir
734 4481 798 4544 past
815 4471 1039 4527 transactionem.
1054 4485 1078 4526 4.
1087 4471 1129 4543 ff.

243 4572 258 4614 4
316 4559 348 4612 de
366 4557 482 4612 condiet.
500 4557 588 4612 indeb.
607 4555 660 4627 (2.)
679 4560 708 4612 si
730 4573 791 4610 4444
814 4567 872 4610 ame
898 4557 973 4610 litem
998 4565 1131 4610 contesta-

313 4651 369 4696 tam
382 4643 415 4696 de
428 4642 580 4696 intentione
599 4641 696 4696 notoria
715 4645 793 4708 plene
811 4639 946 4694 consessus
961 4639 1056 4706 ineritr
1072 4657 1130 4712 arg.

313 4729 332 4781 l.
344 4726 469 4797 proinde.
491 4739 533 4780 24.
550 4723 574 4798 5.
588 4725 641 4798 fin.
650 4724 691 4795 ff
711 4727 750 4778 od
759 4727 776 4779 1.
788 4726 870 4794 aquil.
889 4726 907 4778 l.
930 4739 951 4778 4.
961 4723 1003 4794 ff.
1017 4723 1051 4778 de
1063 4743 1130 4780 oon-

303 4811 402 4884 sersis.
421 4815 474 4866 414.
493 4813 673 4868 Bruuneman.
692 4812 720 4866 in
737 4826 854 4880 proeess-
871 4811 940 4866 ciuil-
959 4828 1020 4878 cap.
1042 4822 1082 4863 24.
1103 4831 1131 4866 n.

315 4913 337 4954 4.
357 4899 435 4952 Unde
455 4916 514 4950 444444
540 4898 621 4967 judex
645 4898 703 4950 sine
729 4897 863 4949 sententia
889 4894 922 4948 441
944 4896 1130 4948 executionem

314 4983 458 5058 procedere
476 4987 574 5054 possit,
593 4982 616 5036 si
637 4983 798 5035 sententiam
825 4979 965 5044 vitiosam,
984 4977 1130 5036 4414444444

314 5069 449 5140 scriptura
467 5071 507 5123 rel
526 5069 578 5120 alio
596 5065 766 5120 substantiali
791 5065 943 5136 requisito,
963 5065 1050 5131 44444,
1069 5082 1129 5120 exc·

314 5156 385 5210 cutio
407 5166 498 5209 4444444
524 5155 659 5210 subsecuta
677 5171 730 5208 non
750 5149 913 5206 infirmatur.
935 5151 1012 5206 Cerri.
1032 5151 1129 5206 Tuseh.

313 5251 401 5310 praet.
420 5241 537 5296 conclus.
557 5239 608 5292 rol.
633 5250 653 5292 4.
672 5239 712 5292 lit.
731 5257 757 5292 a.
776 5237 897 5292 conclus.
919 5249 960 5290 42.
979 5255 1006 5290 n.
1034 5249 1058 5290 4.
1082 5239 1128 5290 sed

315 5340 404 5382 utrum
424 5324 555 5396 ejusmodi
575 5324 706 5378 sententia
726 5323 756 5378 in
774 5323 926 5378 4444444444
937 5323 1006 5376 dicte
1021 5322 1072 5391 (rel
1085 5345 1130 5396 po

316 5413 371 5468 4444
390 5422 559 5484 praeceptum
578 5411 612 5463 de
632 5409 779 5479 soluendo)
798 5407 1013 5473 interlocutoria,
1031 5427 1066 5462 en
1083 5410 1128 5464 de·

314 5494 421 5551 44444444
440 5495 497 5550 4444
514 5495 568 5550 rid.
586 5494 697 5548 Robert.
715 5496 834 5547 Merantn
852 5492 881 5545 in
898 5510 966 5564 spec.
985 5511 1044 5547 our.
1057 5504 1130 5564 part.

317 5601 340 5642 4.
359 5586 399 5638 tle.
418 5583 453 5637 de
469 5592 585 5638 sentens.
605 5601 634 5636 n.
653 5591 695 5634 44.

244 5673 258 5724 4
348 5671 384 5724 14.
402 5669 530 5740 Quamvis
550 5668 706 5736 regulariter
732 5675 820 5736 partes
838 5663 871 5720 ad
890 5663 1048 5720 audiendam
1066 5685 1125 5722 seu·

317 5756 426 5810 tentiam
450 5753 528 5808 citari
553 5751 685 5820 debeant,
706 5768 764 5822 arg.
790 5752 808 5804 l.
833 5750 865 5806 de
890 5769 1060 5823 unoquoque.
1088 5763 1127 5806 tt.

1176 4321 1241 4389 jure
1252 4321 1477 4373 condemnandus
1495 4329 1550 4384 444,
1570 4320 1618 4372 uel
1631 4318 1658 4371 si
1673 4318 1943 4388 probatumsuerit:
1960 4325 2013 4378 444

1182 4404 1342 4458 monitionis
1368 4405 1457 4475 potius
1482 4421 1560 4473 quarn
1588 4405 1739 4458 sententiae
1764 4403 1875 4458 4444444444
1905 4407 2018 4464 tribuit

1182 4489 1251 4543 Cels.
1271 4490 1350 4558 ilugo
1370 4489 1473 4541 1144444.
1493 4497 1602 4542 tractat.
1621 4488 1706 4542 olaus.
1725 4489 1764 4541 tit.
1785 4489 1817 4542 de
1835 4491 1921 4542 olaus.
1939 4507 2020 4544 ren·

1180 4585 1245 4628 tent.
1263 4591 1329 4630 uers-
1341 4573 1446 4644 penult.
1461 4573 1540 4626 Plura
1554 4572 1676 4642 erempls
1691 4581 1751 4625 suut
1758 4611 1767 4638 ‚
1782 4572 1810 4626 in
1824 4574 1841 4625 l.
1855 4574 2018 4628 1444444444-

1179 4659 1226 4712 tiis
1246 4670 1285 4711 44.
1304 4667 1324 4720 t.
1342 4657 1389 4728 qai
1403 4656 1486 4711 sortis
1507 4668 1531 4710 2.
1539 4653 1581 4724 ff.
1601 4658 1634 4710 ele
1656 4673 1687 4709 re
1706 4655 1795 4726 judie.
1812 4658 1830 4710 l.
1850 4659 1921 4714 leaeo
1937 4677 2015 4713 sen·

1180 4743 1267 4796 tentia
1287 4754 1311 4795 4.
1329 4761 1352 4796 4.
1369 4744 1404 4797 de
1419 4751 1536 4796 sentent·
1554 4760 1628 4811 quae
1636 4740 1696 4813 fin.
1714 4753 1780 4796 oert.
1799 4755 1892 4812 auant.
1901 4743 1972 4813 scr.
1994 4747 2019 4799 l.

1180 4826 1246 4897 qaut
1261 4837 1353 4880 tamen
1375 4838 1418 4878 24.
1436 4834 1456 4888 4.
1477 4825 1650 4894 Pomponius
1678 4840 1701 4878 4.
1719 4824 1760 4893 ff.
1785 4829 1820 4882 de
1842 4840 1941 4898 recept.
1963 4834 2025 4900 qni

1181 4909 1275 4962 arbitr.
1301 4908 1408 4962 Conler.
1437 4911 1556 4962 1444444.
1575 4908 1605 4961 in
1624 4925 1694 4978 spec.
1711 4909 1737 4962 d.
1752 4923 1824 4982 part.
1846 4923 1872 4966 4.
1892 4912 1926 4965 41.·
1944 4929 2026 4965 sen-

1181 5004 1247 5046 14444.
1268 5011 1295 5045 41.
1318 5003 1378 5045 121.

1216 5079 1245 5126 44.
1266 5075 1332 5128 Cum
1345 5075 1374 5128 44
1390 5076 1521 5130 sententia
1542 5076 1700 5146 regulariter
1719 5077 1821 5130 nullum
1836 5078 1949 5134 4441444444
1966 5099 2023 5134 444-

1180 5157 1283 5227 perfluo
1300 5169 1327 5212 et
1346 5161 1404 5214 4444
1423 5161 1522 5214 uirtute
1539 5160 1668 5228 operandi
1687 5163 1786 5232 epponi
1806 5163 1918 5230 debeat,
1939 5185 2015 5238 arg.

1179 5243 1196 5295 l.
1213 5257 1234 5296 4.
1247 5240 1271 5314 5.
1286 5254 1310 5296 2.
1324 5261 1392 5300 uers-
1404 5263 1492 5316 neque
1505 5244 1629 5314 enirnff.
1645 5246 1683 5300 ad
1695 5245 1821 5316 municip.
1835 5260 1861 5303 et
1875 5247 1909 5304 de
1922 5249 2028 5305 ineol.

1180 5327 1292 5382 11444444.
1305 5329 1402 5383 consil.
1422 5342 1480 5383 444.
1490 5349 1518 5382 n.
1538 5344 1562 5382 4.
1574 5329 1620 5384 ubi
1637 5330 1753 5399 apostill.
1767 5331 1795 5386 in
1810 5333 1880 5386 reri.
1893 5345 2031 5388 oenten-

1179 5411 1224 5466 tiis
1236 5425 1262 5466 et
1272 5416 1371 5468 consil.
1386 5425 1425 5467 44.
1439 5434 1467 5468 n.
1484 5427 1506 5467 2.
1520 5414 1598 5467 Cord.
1610 5415 1709 5468 Tnsob.
1723 5415 1761 5470 lit.
1772 5433 1793 5469 s.
1804 5417 1927 5470 canelus.
1944 5430 2029 5476 aas.

1179 5519 1205 5552 n.
1220 5511 1261 5551 24.
1275 5501 1407 5570 seqnitur,
1418 5499 1487 5568 quud
1506 5499 1556 5572 (4.)
1569 5517 1607 5563 44,
1622 5516 1689 5568 qrrse
1701 5500 1759 5570 ipso
1773 5503 1831 5570 jure
1845 5501 2035 5565 44444444,4441

1178 5582 1326 5638 enitendum
1342 5583 1564 5652 superfluitatem:
1578 5601 1634 5652 arg.
1646 5585 1662 5636 l.
1672 5603 1733 5638 errtn
1746 5584 1794 5652 qui
1804 5597 1846 5640 44.
1859 5591 1878 5648 ς.
1897 5582 1976 5651 t.ff.
1987 5586 2036 5640 de

1179 5667 1412 5723 r.o.l.Gornelius
1426 5680 1467 5722 44.
1475 5666 1515 5736 ff.
1531 5667 1563 5720 cle
1574 5667 1681 5722 haered.
1696 5669 1808 5722 44444144.
1821 5681 1844 5722 4.
1858 5676 1879 5732 ς.
1897 5666 1978 5738 iffi
1989 5672 2037 5723 de

1179 5749 1254 5804 distr.
1272 5750 1347 5822 pign.
1367 5751 1457 5807 omitti
1476 5750 1602 5818 debeant,
1622 5769 1680 5825 arg.
1697 5751 1715 5804 l.
1740 5763 1761 5805 4.
1781 5761 1801 5818 ς.
1821 5754 1869 5826 qni
1879 5773 1918 5808 ear
1930 5757 2027 5813 deeo-
