4338 6240
246 203 248 208 v
531 191 548 208 ··
585 190 594 232 ι

118 271 123 278 '
149 325 151 330 .
237 276 289 328 isi

182 372 211 425 in
238 375 421 427 thesaurorum
450 371 625 444 inquisitinue
649 371 815 424 idhiheudae
840 389 891 422 nnn
917 380 994 435 strati,

184 455 237 510 rid.
257 457 352 524 Carpa-
371 474 400 522 p.
422 467 444 508 2.
463 475 486 507 c.
508 469 547 508 nt.
567 457 592 506 d.
614 467 637 506 ε.
656 473 685 506 ιι.
705 466 729 505 3.
748 465 774 506 et
792 454 837 505 dn.
858 454 945 505 Strur.
965 455 993 508 irs

175 540 286 610 jurispr.
301 557 372 592 rom.
391 543 482 594 Germ.
493 541 511 591 l.
525 552 548 591 ι.
565 541 604 590 tit.
622 551 642 590 ι.
656 541 678 606 §.
695 551 737 590 st.
750 538 876 607 Quamvis
888 557 994 596 consue-

181 623 276 676 tudine
294 624 356 677 haec
376 642 427 676 nou
449 623 624 675 attendantur.

101 707 135 750 ⁸¹
219 707 323 764 fleant.
340 719 365 760 ιιι
377 707 408 758 de
429 705 580 758 curiositate
599 701 770 757 cuculiteras
790 701 888 758 alienae
908 705 994 774 aliqua

109 839 111 842 .
178 807 282 858 quoque
301 789 408 853 addam,
423 789 543 859 quemad
562 789 621 841 falsi
640 786 741 840 crimen
760 789 937 842 communiter
951 807 993 842 re·

179 875 272 926 lerunt
292 875 443 940 ob1.t.§.
465 888 488 926 s.
506 885 532 926 et
551 875 568 923 l.
593 885 631 926 st.
651 879 672 934 ς.
694 871 768 939 ²·ff
789 873 853 926 adl.
872 875 996 927 coru.de

165 955 274 1024 soloin
292 957 360 1026 qood
380 959 519 1027 procedere
538 969 600 1027 puto
620 967 695 1020 tuuc,
715 957 735 1008 si
755 956 801 1025 (t.
820 958 911 1010 literas
928 958 994 1010 alie·

180 1055 228 1090 nas
246 1041 369 1108 aperiens
392 1046 471 1106 sciat,
489 1042 548 1094 illas
568 1059 626 1094 esse
642 1041 741 1093 alienas
766 1039 808 1107 (t.
827 1043 849 1091 ai
870 1043 897 1094 id
919 1041 996 1095 iaciat

178 1127 238 1180 sinc
257 1126 325 1190 justa
352 1145 427 1180 cuoaa
448 1127 492 1195 (s.
513 1130 534 1180 si
556 1127 582 1178 id
604 1127 681 1180 iaciat
704 1127 794 1180 animo
818 1140 917 1180 secretu
935 1147 997 1198 pro·

178 1211 316 1278 mitigandi
336 1221 363 1264 et
387 1213 463 1264 alteri
485 1211 608 1265 nocendi.
636 1213 706 1264 llaec
726 1210 798 1262 euim
825 1213 994 1280 requisituri

179 1309 231 1346 nou
250 1291 352 1356 adsint,
373 1295 432 1348 ialsi
453 1311 513 1348 reus
533 1312 585 1348 non
606 1296 658 1348 erit
681 1297 817 1366 aperiens.¹
832 1296 879 1348 stc
895 1297 917 1346 si
937 1299 997 1366 quis

178 1375 273 1429 literas
291 1376 392 1429 alienas
411 1379 445 1430 sd
464 1394 493 1430 se
512 1378 625 1446 scriptas
645 1389 736 1447 putet,
757 1379 825 1430 lortc
842 1377 912 1447 quod
925 1378 996 1430 idem

178 1458 231 1510 sibi
247 1478 343 1512 nomen
356 1461 392 1512 sit
410 1481 440 1516 ac
459 1463 516 1525 illi,
531 1463 562 1512 ud
577 1480 655 1532 quem
670 1465 763 1516 literae
774 1475 848 1516 emat
862 1474 996 1526 eramiae,

177 1541 242 1594 falsi
262 1543 364 1597 crimen
385 1544 529 1612 aperiendo
550 1563 602 1598 non
620 1545 756 1608 admittit,
769 1561 827 1598 cnm
839 1549 999 1616 juatapenes

176 1623 266 1695 ipsum
286 1626 322 1680 sit
341 1629 504 1697 ignorantia,
523 1630 645 1682 blenoeh.
659 1630 691 1682 de
709 1629 804 1683 arbitr.
813 1629 880 1700 jare
893 1641 997 1694 qnocst.

178 1709 198 1760 i.
219 1720 240 1760 3.
259 1728 274 1762 c
294 1723 353 1763 333.
374 1731 402 1764 ιι.
422 1723 445 1764 3.
464 1712 550 1766 Nicol.
564 1713 596 1764 de
616 1713 746 1768 Passerih.
759 1713 792 1766 de
808 1715 998 1782 privatorcri·

176 1785 257 1860 prino
277 1793 295 1844 i.
317 1806 341 1846 3.
360 1815 405 1864 qn.
427 1807 451 1848 3.
469 1815 498 1848 ιι.
512 1806 538 1848 t.
553 1796 630 1850 modo
650 1807 736 1850 tamea
754 1798 864 1850 silentio
881 1799 997 1853 inrolsat

181 1886 322 1941 contenta,
337 1887 363 1930 et
383 1879 415 1930 in'
430 1879 539 1932 alterins
559 1879 751 1948 praejudicium
763 1881 854 1933 eadem
866 1896 920 1932 non
935 1899 996 1951 pro·

178 1961 254 2030 palet.
273 1963 331 2014 Hoc
351 1962 453 2032 qnippe
472 1963 495 2016 si
511 1962 622 2027 lecerit,
635 1975 660 2018 et
673 1963 764 2017 literas
777 1965 824 2016 alii
835 1965 995 2027 ostenderit,

179 2052 255 2097 eatra
273 2060 385 2114 poenam
403 2064 457 2099 uon
476 2047 541 2110 erit;
554 2065 615 2102 nam
633 2048 695 2102 lieet
712 2047 741 2099 in
759 2046 894 2102 literarum
912 2049 999 2119 aperi-

180 2128 251 2182 lione
270 2129 360 2181 nullus
378 2127 495 2182 arilnerit
512 2129 605 2194 dolus,
623 2128 710 2184 adluit
727 2141 814 2184 tamen
833 2132 861 2183 iu
879 2133 999 2202 propala·

180 2212 268 2276 tinne,
288 2212 342 2266 sid.
361 2213 405 2266 dn.
424 2215 513 2268 Praes.
532 2214 561 2268 ιἰι
575 2215 646 2282 άιέψ.
659 2214 692 2268 dc
704 2216 823 2270 credent.
837 2216 923 2272 renel.
935 2234 960 2270 o.
973 2227 997 2269 t.

178 2313 206 2348 ιι.
227 2307 268 2346 as.
288 2296 333 2348 Sic
350 2314 453 2366 quoqne
474 2314 526 2351 non
546 2309 655 2367 peccaut
674 2299 810 2368 principes
829 2309 855 2351 et
873 2298 994 2352 ministri

179 2380 296 2450 publici,
314 2383 359 2450 qni
380 2393 496 2452 tempore
516 2381 577 2432 belli
598 2383 638 2434 rel
652 2381 766 2436 hostium
778 2383 818 2436 rel
830 2382 911 2434 etiam
930 2383 997 2434 alio·

113 2515 117 2524 ,
183 2483 240 2517 rum
259 2465 352 2518 literas
369 2465 500 2534 aperiunt.
522 2464 586 2517 Cnm
607 2465 697 2526 euim,
716 2463 786 2536 quod
805 2481 887 2534 snpra
906 2463 997 2517 docui·

179 2565 252 2612 mus,
277 2549 417 2600 curiositas
444 2547 471 2599 in
496 2565 541 2608 co,
560 2547 607 2618 qui
632 2547 728 2600 bellum
756 2547 864 2615 dirigit,
891 2565 995 2600 summe

176 2633 325 2685 necessaria
345 2633 395 2696 ait,
411 2641 438 2685 et
451 2630 496 2684 ille
515 2631 658 2682 dimidium
679 2631 734 2683 lere
753 2629 878 2682 victoriae
897 2631 924 2681 in
944 2649 996 2683 rna·

176 2714 256 2766 nibus
276 2714 384 2780 habeat,
398 2715 443 2784 qui
463 2714 553 2768 euclem
574 2715 694 2781 legitime
712 2717 808 2780 nlitnr,
823 2713 939 2784 principi
957 2715 997 2767 rel

176 2796 223 2848 alii
242 2799 358 2868 reipubl.
377 2799 525 2852 commodis
554 2797 706 2867 invigilanti
726 2797 789 2852 sitio
807 2797 922 2850 dandam
943 2815 996 2851 non

178 2883 245 2947 crit,
262 2883 284 2934 si
299 2885 366 2934 hanc
378 2893 534 2953 potestatem
548 2884 600 2935 sibi
615 2892 735 2952 arroget,
749 2883 871 2936 anemb.
883 2883 912 2934 in
926 2885 994 2936 med.

178 2965 261 3018 theol.
280 2967 416 3019 cunradi.
436 2979 460 3017 e.
478 2985 500 3019 c.
520 2979 544 3018 3.
563 2967 620 3019 dec·
642 2977 665 3017 3.
685 2967 840 3036 praesertim
860 2983 919 3018 cum
940 2968 995 3036 pri·

176 3063 262 3104 ratum
280 3066 383 3118 qnoque
401 3049 500 3102 alienas
519 3050 609 3103 literas
628 3049 702 3100 licite
720 3050 825 3119 aperire
844 3065 921 3118 posse
940 3060 994 3102 ata·

177 3143 266 3197 luant,
289 3133 312 3185 si
331 3123 573 3186 indemnatorum
592 3133 721 3202 quoddam
741 3134 794 3186 sihi
814 3137 852 3188 cei
871 3135 994 3204 proximo

178 3219 280 3284 injurie
299 3218 401 3286 parari,
421 3219 490 3284 juste
509 3218 615 3279 timeat,
636 3217 756 3270 anemh.
775 3218 823 3272 att.
841 3219 859 3270 l.
877 3221 942 3271 Mol.
961 3221 994 3272 de

169 3301 239 3370 jare.
253 3301 341 3370 rtjnr.
355 3311 421 3352 tous.
436 3310 458 3350 t.
472 3311 505 3352 tr.
522 3310 546 3352 ι.
560 3300 626 3370 disp.
640 3311 681 3356 33.
693 3319 721 3353 ιι.
738 3313 761 3354 t.
780 3300 857 3354 Coni-
877 3301 921 3354 dn.
940 3302 995 3352 ni-

175 3386 274 3437 chaelis
292 3401 359 3452 resp.
374 3394 414 3436 at.
426 3402 456 3452 p·
471 3397 532 3438 333.

103 3487 135 3528 ss
214 3471 295 3524 Porro
315 3469 373 3521 lalsi
393 3471 495 3520 crimen
513 3485 617 3538 qnoque
636 3485 688 3523 noo
714 3479 850 3539 perpetrat
868 3471 930 3534 ille,
947 3467 993 3538 qui

176 3557 267 3608 literas
286 3556 396 3608 alterius
414 3553 523 3624 quidem
543 3553 643 3623 aperit,
664 3571 715 3606 non
734 3565 837 3617 tsmeu,
856 3563 886 3605 nt
903 3551 995 3606 adrer-

176 3641 247 3692 sario
265 3642 321 3707 ejus
339 3639 478 3704 ostcnrlal,
496 3637 540 3692 scd
559 3638 641 3690 solius
667 3637 825 3692 curiositatis
849 3639 949 3705 gratia,
968 3646 996 3690 nt

176 3725 279 3778 scilicet
299 3725 381 3787 sciat,
399 3723 462 3793 quid
490 3723 586 3776 iisdem
606 3722 782 3774 contineatur.
810 3722 840 3774 ln
860 3719 919 3772 salsi
940 3721 993 3773 cri-

176 3809 250 3862 rniue
269 3809 341 3861 euim
363 3825 496 3860 ueccasum
516 3817 571 3870 est,
590 3819 618 3858 ut
636 3803 735 3876 aliquid
764 3802 810 3855 fiat
829 3805 856 3854 ira
877 3802 994 3855 iruudcm

176 3897 216 3950 sel
242 3893 366 3946 damnum
393 3893 520 3952 alterius;
539 3891 607 3960 quod
633 3907 692 3941 curu
720 3905 772 3939 nnn
798 3887 921 3939 intendat
946 3886 995 3936 hoc

177 3982 258 4037 rnndo
277 3979 415 4050 aperiens,
434 3999 447 4030 a
468 3977 528 4028 laisi
549 3993 629 4046 poena
649 3974 717 4026 liber
735 3973 801 4036 crit3
819 3970 940 4042 quamvis
960 3982 996 4024 ta·

178 4083 240 4118 men
260 4081 312 4114 non
332 4073 403 4115 extra
421 4077 527 4112 onmem
547 4060 591 4111 ille
609 4061 645 4110 sit
671 4059 788 4126 culpam,
808 4055 853 4107 scd
877 4055 911 4106 oh
930 4056 993 4106 stel-

177 4150 308 4211 lionatus,
327 4147 396 4215 qnod
416 4143 575 4209 committit,
593 4141 693 4196 crimen
720 4137 931 4194 extraordinarie
950 4157 996 4209 pu·

177 4231 231 4283 uiri
253 4233 349 4300 possit,
368 4244 426 4279 cnm
447 4227 508 4279 mali
529 4225 643 4295 exempli
664 4241 706 4277 res
734 4223 786 4286 sit,
805 4222 916 4274 alterius
934 4221 995 4273 lite·

178 4331 221 4366 rus
240 4314 359 4385 aperire,
379 4312 434 4364 sire
452 4310 581 4364 scribenti
601 4328 648 4380 per
668 4310 716 4360 hoc
736 4305 929 4375 praejudicium
948 4301 997 4356 liar

179 4399 235 4450 sire
253 4415 322 4461 uon,
339 4395 427 4447 Nicnl.
447 4395 479 4448 de
499 4395 628 4446 Passerib.
648 4393 674 4443 d.
692 4393 708 4442 t
729 4389 851 4443 blenoch.
873 4388 918 4442 cll.
930 4389 947 4438 l.
967 4406 994 4440 ιι.

180 4492 205 4532 s.
224 4479 300 4532 Coul.
321 4481 453 4550 linepiug.
472 4477 565 4547 dejnr.
581 4476 694 4548 sigillor.
707 4495 730 4529 c.
749 4485 788 4526 st.
801 4491 829 4527 u.
845 4484 886 4527 st.
900 4471 994 4526 labor.
1018 4543 1019 4548 1

620 275 668 330 DF.
686 275 936 331 ctttttosttttls
956 273 1113 332 EFFECTU
1132 275 1169 334 lii
1190 276 1342 333 herlans
1362 280 1426 335 ccci

1752 279 1805 348 6ιᾷ

1045 371 1074 426 irs
1094 381 1225 428 racemos.
1244 372 1380 428 criminari.
1397 393 1424 445 p.
1442 375 1467 427 i.
1486 391 1514 428 ιι.
1535 387 1558 428 t.
1577 384 1604 428 et
1622 375 1666 428 dn.
1685 376 1808 431 Lenterb.
1828 377 1857 432 irs

1044 457 1112 524 disp.
1124 459 1157 511 de
1170 458 1269 512 nuncio
1288 477 1311 512 c.
1326 471 1349 512 s.
1367 459 1404 510 td.
1425 470 1467 510 ss.
1486 459 1530 511 ubi
1549 477 1636 512 casnm
1657 461 1690 514 de
1709 465 1807 514 nuncio
1824 463 1858 512 li·

1046 551 1114 593 teras
1133 543 1185 594 sihi
1205 543 1369 596 concreditas
1387 543 1527 612 aperiente
1543 544 1635 596 eodem
1655 548 1734 599 modo
1753 545 1858 600 decidit.

1081 623 1161 678 Extra
1179 625 1227 677 hos
1247 645 1307 679 rero
1325 644 1399 679 carna
1413 637 1544 696 tamquam
1560 627 1678 681 falsarias
1691 647 1794 700 semper
1813 648 1861 700 pu·
1897 642 1929 684 sn

1046 709 1100 762 niri
1119 711 1219 780 poterit
1238 711 1299 775 ille,
1317 711 1363 780 qni
1383 711 1493 764 alterins
1518 711 1602 780 aperit
1619 712 1736 782 legitque
1753 715 1860 777 literas,

1048 795 1099 844 rid.
1129 799 1253 849 Vi'nrms.
1268 806 1355 866 procl.
1369 796 1428 862 fhr.
1453 797 1472 848 l.
1496 806 1517 851 ι.
1535 799 1575 850 ric.
1602 809 1645 848 tr.
1664 799 1722 850 obs.
1743 809 1786 850 ts.
1806 798 1861 850 Nec

1048 877 1133 931 refert
1150 897 1183 932 art
1203 881 1305 933 clausae
1330 881 1392 934 illae
1417 881 1487 943 sint,
1505 889 1532 932 et
1555 881 1722 948 obsignatae,
1740 896 1773 932 sn
1800 897 1862 933 reso

1045 965 1099 1031 jam
1120 973 1174 1014 tuur
1196 976 1312 1034 spertne,
1331 983 1364 1016 au
1384 963 1518 1034 publicae,
1538 979 1570 1013 an
1597 963 1725 1031 prieslaet
1745 978 1779 1014 aus
1798 961 1865 1016 iute-

1047 1061 1110 1112 grae
1128 1043 1229 1106 adhue,
1248 1063 1281 1098 au
1301 1063 1361 1099 rero
1380 1046 1550 1110 dilaceratae,
1569 1045 1624 1112 (dc
1641 1046 1739 1115 quibus
1756 1046 1785 1097 in
1803 1061 1865 1116 spe·

1047 1127 1102 1190 cie,
1122 1144 1155 1178 au
1175 1128 1235 1180 scii.
1258 1147 1347 1182 earum
1373 1130 1534 1199 conquisitio
1560 1141 1587 1181 et
1609 1129 1690 1182 lectio
1715 1128 1790 1182 licita
1809 1131 1866 1181 sit't

1047 1211 1113 1263 Vid.
1132 1207 1256 1264 anemb·
1271 1213 1318 1266 att.
1333 1214 1371 1282 l.)
1387 1209 1496 1266 suffieit
1514 1213 1587 1266 enisu
1606 1213 1695 1282 ipsum
1708 1227 1761 1263 non
1780 1211 1865 1274 scire,

1047 1287 1096 1347 uec
1114 1294 1280 1347 rationaliter
1305 1313 1471 1367 praesumere
1495 1314 1585 1366 posse,
1605 1295 1759 1357 dominum,
1781 1303 1810 1347 nt
1829 1296 1868 1347 le·

1045 1386 1134 1441 geret,
1155 1387 1363 1444 consensurum,
1382 1380 1483 1434 Melina
1502 1381 1526 1432 d.
1546 1381 1563 1432 l,
1583 1399 1610 1432 ιι.
1638 1390 1662 1432 3.
1689 1380 1718 1435 si
1737 1377 1864 1434 vassallus

1046 1458 1136 1510 literas
1153 1460 1187 1512 ad
1206 1461 1344 1515 dominnm
1364 1462 1438 1516 leudi
1450 1477 1598 1534 spectantes
1608 1464 1760 1535 aperuerit,
1774 1464 1864 1532 ipsum

1044 1538 1190 1592 iclloniam.
1201 1546 1370 1598 committere
1387 1557 1414 1599 et
1431 1546 1510 1600 leudo
1529 1549 1627 1620 privari
1648 1565 1745 1618 posse,
1765 1549 1865 1600 asserit

1047 1621 1210 1678 Itittershns.
1230 1627 1257 1680 in
1269 1628 1449 1697 pcrtittsend.
1467 1647 1490 1682 c.
1511 1643 1535 1681 e.
1554 1640 1643 1699 quat.
1664 1631 1821 1698 praesertim
1841 1627 1866 1678 si

1045 1721 1228 1776 argumentum
1254 1731 1346 1768 earnm
1372 1715 1492 1767 inimicis
1518 1713 1620 1766 domini
1640 1713 1673 1764 ad
1700 1713 1757 1778 eins
1777 1712 1866 1780 perni-

1046 1791 1113 1844 ciem
1139 1795 1303 1848 revelaverit.
1329 1797 1395 1849 Cum
1423 1799 1496 1849 enim
1527 1798 1593 1848 alias
1619 1795 1691 1848 leudi
1718 1796 1865 1864 privatione

1048 1875 1189 1946 puniatur,
1215 1879 1240 1931 si
1262 1878 1425 1932 credentiam
1449 1878 1592 1931 adnnsino
1621 1877 1673 1931 sibi
1693 1879 1866 1930 commissam

1046 1961 1195 2029 aperuerit,
1215 1978 1262 2030 per
1283 1972 1384 2014 textum
1407 1971 1428 2011 t.
1437 1959 1522 2029 find·
1538 1971 1578 2012 tt.
1595 1962 1680 2014 Multo
1699 1959 1866 2026 magiscam-

1046 2043 1107 2098 dem
1126 2043 1289 2109 merebitur,
1309 2045 1332 2098 si
1356 2041 1453 2097 illicito
1471 2043 1550 2098 modo
1575 2055 1672 2097 secreta
1698 2043 1802 2096 domini
1822 2060 1864 2096 re-

1047 2126 1153 2181 sciverit
1177 2139 1203 2182 et
1219 2127 1438 2182 manifestaverit.
1464 2127 1505 2180 lbi
1531 2127 1606 2180 enim
1631 2128 1741 2182 unicum
1765 2138 1865 2180 tantum

1044 2209 1164 2266 admittit
1181 2211 1308 2264 delictum
1327 2228 1374 2283 per
1399 2208 1563 2282 prohibitam
1592 2211 1698 2264 scilicet
1714 2209 1866 2266 credentiae

1046 2294 1252 2358 revelationem
1271 2295 1316 2348 hie
1340 2311 1401 2349 rern
1426 2294 1542 2364 duplex,
1561 2296 1642 2348 semel
1667 2294 1740 2346 euim
1764 2306 1868 2367 peccat,

1045 2381 1137 2436 literas
1155 2382 1266 2436 alterius
1286 2382 1386 2450 injuste
1403 2377 1545 2452 aperiendo
1552 2417 1561 2445 ,
1573 2381 1656 2433 altera
1677 2397 1739 2433 rero
1758 2382 1813 2433 ricc
1827 2397 1867 2432 se·

1046 2476 1148 2518 oretum
1169 2465 1252 2528 iliad,
1273 2466 1301 2517 in
1321 2468 1396 2530 cnjus
1419 2463 1541 2518 notitiam
1565 2464 1664 2530 injusto
1684 2463 1762 2516 modo
1789 2465 1867 2516 dere·

1048 2549 1105 2614 nit,
1125 2547 1282 2613 revelando,
1301 2549 1354 2602 aid.
1373 2550 1483 2602 Melina.
1502 2548 1529 2600 d.
1548 2557 1627 2600 troci.
1648 2558 1673 2599 t.
1699 2548 1726 2599 d.
1749 2559 1771 2601 3.
1791 2567 1819 2600 ιι.
1841 2561 1863 2600 s.

1046 2633 1151 2687 Lessius
1168 2635 1202 2688 de
1213 2634 1279 2702 jare.
1293 2633 1381 2700 cesar.
1394 2633 1411 2685 1.
1430 2642 1452 2684 t.
1471 2650 1494 2684 c.
1510 2641 1549 2682 tt.
1562 2632 1588 2683 d.
1603 2641 1627 2680 3.
1647 2640 1689 2683 st.

1080 2715 1178 2767 Eadem
1197 2733 1263 2785 qnae
1282 2715 1315 2768 de
1328 2715 1482 2768 curiositate
1499 2713 1571 2768 circa
1589 2713 1680 2766 literas
1693 2715 1791 2767 alienas
1805 2714 1864 2766 hac·
1903 2724 1933 2766 te

1046 2809 1122 2852 terras
1141 2801 1214 2852 dicta
1231 2809 1305 2865 suut,
1326 2799 1353 2851 in
1372 2800 1439 2852 alios
1457 2813 1559 2868 qnoque
1576 2797 1723 2866 quadrant,
1742 2797 1789 2867 qui
1808 2799 1861 2850 alin

1045 2883 1143 2938 illicito
1162 2882 1241 2936 modo
1260 2882 1384 2937 notitiam
1404 2891 1567 2934 secretorum
1585 2882 1694 2934 alterins
1707 2881 1760 2933 sibi
1774 2883 1866 2950 acqui·

1045 2969 1183 3031 riserunt,
1202 2983 1244 3019 ea.
1262 2984 1304 3035 gr.
1321 2966 1369 3036 qni
1387 2963 1527 3018 cathedrae
1554 2962 1740 3036 poenitentiali
1759 2963 1865 3016 adstan-

1045 3060 1084 3102 les
1102 3051 1213 3104 alterins
1231 3049 1429 3102 consensionem
1450 3046 1612 3110 anscultant,
1631 3045 1671 3098 rel
1697 3045 1744 3114 qni
1763 3045 1796 3096 ab
1814 3063 1862 3110 eo,

1044 3134 1086 3185 cni
1100 3133 1202 3203 aliquid
1222 3134 1318 3186 secreti
1331 3131 1522 3194 commissum,
1538 3129 1598 3180 dolo
1617 3125 1865 3197 persuasionibnsae

1045 3218 1101 3268 seis
1119 3216 1187 3269 illud
1210 3215 1333 3269 eliciunt.
1360 3215 1398 3266 ili
1422 3213 1513 3276 enirn,
1541 3210 1564 3261 si
1590 3211 1656 3262 illud
1681 3211 1709 3261 io
1735 3208 1862 3260 damnum

1044 3303 1155 3356 alterins
1174 3301 1386 3374 pmpalarerint;
1406 3299 1466 3352 falsi
1492 3298 1612 3362 crimen;
1631 3299 1653 3350 si
1673 3313 1734 3350 aero
1751 3295 1864 3348 curiosi·

1044 3386 1090 3439 lati
1113 3395 1216 3439 tantum
1242 3403 1303 3440 snae
1329 3381 1510 3436 satisfaciendi
1534 3383 1619 3450 gratia
1643 3381 1862 3444 auscultaverint,

1045 3468 1224 3522 stellionatum
1242 3468 1426 3532 committunt;
1444 3461 1513 3535 qnod
1536 3465 1617 3516 latius
1643 3462 1772 3516 deducere
1790 3480 1863 3515 eaer-

1045 3553 1106 3605 citii
1124 3553 1266 3607 academici
1286 3553 1387 3607 limites
1405 3549 1557 3622 prohibent.
1570 3543 1741 3598 iiiuciilinm
1755 3545 1861 3598 abrum-
1901 3565 1932 3606 ao

1044 3653 1106 3707 pere
1119 3649 1144 3690 et
1161 3635 1341 3691 dissertationi
1356 3637 1417 3690 huic
1429 3634 1599 3703 colophonem
1620 3631 1760 3698 imponere
1778 3649 1862 3698 cogor.

1044 3721 1120 3785 Tibi,
1147 3731 1254 3774 aeterne
1284 3721 1370 3782 Deus,
1389 3719 1487 3788 gratius
1512 3717 1593 3769 litans
1619 3715 1785 3768 immortales
1810 3731 1858 3784 prn

1045 3821 1167 3858 concessa
1193 3805 1316 3860 hactenus
1341 3806 1369 3857 in
1396 3803 1493 3857 studiis
1522 3801 1617 3870 gratiam
1645 3811 1670 3853 te
1695 3817 1771 3863 rero,
1800 3799 1825 3850 b.
1845 3800 1861 3848 Ι.

1045 3893 1163 3944 maximo
1183 3910 1276 3962 rogans
1295 3910 1387 3964 opere,
1400 3893 1464 3944 aclis
1477 3910 1525 3953 ea,
1541 3907 1607 3960 quae
1627 3890 1654 3942 iu
1675 3889 1861 3944 dissertatione

1045 3977 1094 4029 hac
1113 3977 1230 4039 asserui,
1249 3979 1353 4047 optime
1372 3977 1557 4046 interpretari,
1577 3985 1602 4026 et
1623 3973 1728 4042 siquid
1748 3973 1860 4025 curiosi-

1045 4061 1093 4115 tati
1114 4079 1187 4113 meac
1206 4061 1292 4126 desit,
1307 4072 1348 4114 tna
1361 4062 1487 4132 supplere
1504 4053 1766 4127 benevolentia.'i’.go
1787 4059 1862 4109 hene-

1042 4144 1100 4196 rolo
1119 4144 1193 4213 aeqad
1216 4145 1334 4198 censoris
1360 4144 1460 4213 jndicio
1483 4143 1577 4196 lubens
1604 4159 1645 4196 me
1669 4141 1813 4208 submitto,
1834 4153 1861 4195 et

1042 4230 1151 4283 meliora
1170 4237 1318 4282 monentem
1339 4239 1460 4299 prompte
1478 4244 1580 4300 sequor.

1351 4483 1379 4536 S·
1399 4481 1432 4532 n.
1451 4481 1485 4536 G.
