4404 6242
240 241 290 296 lle

187 337 247 406 lure
265 334 382 400 nullom,
403 335 558 392 iterantes.
576 353 651 390 cous.
668 347 723 390 sss.
737 353 765 386 n.
783 347 824 388 ts.
837 336 889 389 voi.
904 348 928 390 ι.
940 335 1004 390 adeo

182 427 216 473 ἰιι
236 442 251 474 a
271 421 353 474 lusura
373 441 420 491 per
438 425 519 492 legem
541 422 579 476 ael
598 431 724 474 statutum
753 421 864 484 tradita,
890 440 922 476 ne
943 425 1004 492 qni·

186 501 249 554 dete
267 505 497 558 metientibus
524 505 641 576 partibus
670 503 758 568 recedi
778 506 861 572 possit
890 508 1002 560 llolatsai.

186 605 201 638 s
220 589 298 642 Velie
313 588 342 642 itt
361 589 456 644 consil.
477 601 519 643 ts.
538 591 590 642 uui.
610 601 634 642 s.
653 587 729 652 Cotti.
741 589 870 642 Zttbrodt.
883 587 911 642 in
923 600 1002 644 troes.

185 670 219 724 cle
232 683 379 734 recuperor
398 673 539 727 literarum
549 691 572 725 c.
590 683 612 724 ι.
632 691 660 724 n.
674 682 698 724 ι.
710 671 862 726 Notandum
883 675 1001 744 insuper,

186 753 373 823 auaiplnbetis
389 757 524 824 rapacibus
543 759 592 808 noc
610 755 806 832 priuilegium,
833 767 862 808 ut
880 773 916 810 se.
936 761 1003 825 juris

185 837 359 906 ignorantiam
380 841 551 906 praetendere
570 839 690 908 possint,
711 836 778 890 baud
797 849 952 906 competere·
966 840 1003 892 lit

187 920 260 974 erin
280 920 451 988 simplicibus
470 942 500 976 ao
520 921 632 974 sinceris
656 923 714 990 joce
741 933 898 975 succurrunt
914 941 939 976 c.
960 934 1001 978 st.

186 1021 218 1058 ιι.
236 1005 270 1058 de
288 1004 414 1074 appellet.
431 1017 457 1058 et
474 1023 497 1058 ι.
516 1016 540 1060 s.
558 1024 588 1060 e.
605 1005 733 1059 desursil.
753 1005 790 1058 ita
807 1023 822 1057 e
839 1018 927 1058 contre
947 1009 1003 1073 jure

185 1087 324 1156 sagacibus
340 1098 365 1142 et
381 1088 534 1157 quadretis,
552 1089 635 1143 nteit
654 1088 753 1144 Baldua
771 1090 801 1144 in
818 1090 839 1142 i.
857 1089 905 1145 ait.
918 1107 961 1159 pr.
978 1109 1002 1146 ι.

184 1172 218 1226 de
236 1181 342 1224 ιιιιιιιιι.
360 1171 453 1244 poenis
468 1183 620 1227 oncrsrruut.

221 1256 306 1308 liisee
317 1257 370 1324 jara
384 1255 504 1309 enodatis
517 1257 551 1308 ed
563 1255 715 1310 methodum
730 1255 887 1326 promissam
901 1266 931 1308 nt
944 1273 1002 1326 per·

184 1339 336 1402 veniemus,
355 1339 424 1392 ratio
441 1339 552 1402 suadet,
569 1339 615 1392 ubi
643 1353 704 1392 ante
721 1343 813 1394 omniu
833 1358 1003 1410 personarum

182 1423 242 1492 jure
261 1440 309 1492 pru
328 1422 432 1488 ingenii
459 1423 575 1476 modiolo
600 1423 758 1478 rislebimus.
783 1424 924 1489 Coptaitucn
942 1440 1003 1476 sero

183 1517 241 1569 est,
260 1506 331 1560 inter
349 1507 409 1560 ilias
428 1522 572 1576 personae,
588 1525 657 1577 quae
674 1511 761 1562 alienu
778 1509 831 1576 juri
851 1510 1001 1576 subjacent,

184 1591 251 1646 elias
283 1592 313 1642 iu
342 1599 471 1659 potestate
495 1591 652 1657 Parentum,
677 1593 742 1644 alias
760 1593 787 1642 in
808 1601 935 1662 potestate
958 1593 1005 1645 du·

182 1677 318 1730 mirreorum
342 1691 414 1737 esse,
438 1690 505 1743 quae
530 1676 637 1727 nominc
662 1693 795 1728 serrorum
814 1675 1004 1744 comprehendi

182 1759 271 1816 soient
290 1775 331 1826 pr.
341 1769 369 1811 et
382 1765 403 1821 ς.
420 1771 443 1812 ι.
453 1757 539 1811 nasu.
556 1759 592 1812 aie
608 1759 666 1824 tals,
685 1759 734 1830 pui
742 1758 788 1813 sui
798 1759 841 1812 uei
851 1759 939 1814 alieni
946 1761 1002 1830 p'ur.

105 1865 146 1909 ῃ
185 1843 251 1896 iura
268 1858 403 1896 sessurum
423 1843 634 1907 illiteratorum,
660 1859 720 1896 cum
741 1843 873 1914 peculiare
891 1846 924 1897 ab
941 1847 1005 1900 eliis

184 1927 318 1980 illiteratis
336 1943 389 1978 noir
407 1925 576 1988 custinemt.
596 1943 730 1996 exponere
755 1928 930 1980 ueneaaarinm
949 1949 1002 1984 asca

185 2012 268 2072 ᾶιιιοι
287 2009 375 2079 potius
393 2028 407 2062 ι
425 2011 577 2075 contrario,
596 2022 686 2080 utpote
703 2029 764 2066 cam
783 2015 916 2068 cuunrerir
949 2035 1005 2069 ma·

179 2112 236 2164 ςιιο
255 2096 363 2149 Ειιιιιι
381 2105 459 2158 ιιιιι,
477 2097 567 2147 lernen
581 2095 756 2166 disputationi
771 2097 909 2164 adierant,
923 2099 1001 2153 Eter-

182 2177 281 2232 barsius
299 2197 313 2230 a
332 2177 484 2245 iliislelmrg
502 2176 533 2231 in
549 2177 601 2230 loc.
620 2187 678 2246 top.
701 2189 738 2234 ts·
754 2197 781 2232 ιι.
798 2191 839 2233 ιι.
858 2181 1001 2236 Servorum

183 2280 351 2318 amariorum
384 2264 545 2316 literaturam
572 2261 620 2315 bic
646 2279 786 2333 parumper
817 2265 1001 2320 enudabimue.

185 2347 281 2412 lianc,
306 2347 331 2400 si
354 2363 402 2416 pro
421 2359 478 2399 arte
497 2346 600 2416 tegendi
628 2357 655 2400 et
684 2346 820 2400 scribendi
837 2349 1000 2419 recipiatur,

107 2433 143 2483 st
182 2429 263 2484 etiam
284 2429 462 2484 Romenmons
482 2447 573 2484 sersus
592 2430 736 2497 nituisse,
754 2441 866 2485 eoatstet.
884 2433 931 2486 Sic
951 2437 1002 2488 llo-

182 2515 254 2570 suni
274 2531 363 2568 sersus
381 2513 536 2578 hebebant,
556 2515 601 2583 qui
621 2513 740 2568 «luminis
760 2514 876 2568 rationes
893 2519 1002 2572 mttere

185 2598 356 2662 tenebantur,
376 2608 401 2652 et
420 2599 530 2652 nomine
549 2600 726 2652 actsuriorum
741 2599 888 2654 vestiebant.
901 2601 919 2653 Ι.
942 2615 963 2655 t.
978 2601 1001 2674 5.

182 2683 229 2738 ιιι.
240 2678 282 2748 ff.
300 2685 336 2734 de
350 2697 433 2738 seruo
458 2691 594 2752 ecmupto.
621 2682 652 2733 Si
670 2683 745 2736 enim
763 2681 824 2752 quis
841 2701 1001 2749 serrorum,

177 2765 224 2834 qui
245 2763 393 2817 ratiociniis
404 2765 549 2829 cbnnrius,
563 2765 813 2832 menismitteisatur,
827 2767 949 2836 primunr
959 2781 1000 2821 ra-

182 2849 270 2900 tiones
283 2847 406 2912 reddere,
425 2859 452 2900 et
470 2848 571 2917 reliqua
589 2860 721 2918 praestare
739 2849 858 2905 debebat.
872 2852 891 2903 l.
908 2865 927 2905 s.
941 2853 997 2918 §.n

180 2951 203 2986 c.
215 2931 249 2986 ie
259 2951 358 2986 comm.
367 2949 445 2986 seruc
459 2951 582 2988 monum.
595 2933 665 2986 utsii.
679 2935 698 2987 l.
715 2945 755 2988 ts.
769 2932 793 3006 5.
809 2947 831 2988 ².
843 2953 866 2988 c.
878 2936 912 2990 de
923 2939 999 3005 petit.

109 3011 144 3056 ²⁸
180 3016 290 3075 iiuereei.
309 3015 511 3086 comprobatam
543 3018 654 3088 iasrsper
676 3016 745 3070 banc
774 3031 891 3072 nostram
913 3022 1001 3076 thesin

181 3100 317 3156 reddimus
334 3118 366 3154 es
385 3099 404 3154 i.
420 3110 462 3156 ιι.
475 3107 498 3164 5.
514 3111 554 3154 ss.
564 3100 606 3170 ff
628 3098 763 3168 desertis.
781 3103 826 3155 ubi
846 3107 999 3174 quaeritur,

183 3189 207 3242 si
225 3203 299 3240 serso
317 3201 486 3255 perstusum,
499 3197 526 3241 ut
540 3187 639 3239 tabulas
658 3186 830 3252 describeret,
849 3207 900 3257 qua
918 3192 1000 3245 aetio·

184 3270 385 3344 ungentum?
407 3282 435 3326 et
450 3271 566 3338 dicitur,
584 3273 609 3326 ai
627 3271 769 3344 probatem
795 3272 875 3327 reddi
892 3285 1003 3344 posset,

184 3375 261 3414 serso
280 3359 330 3412 isos
347 3373 498 3426 pemuaaum
517 3355 622 3420 inisse,
649 3355 759 3410 domino
776 3357 908 3410 actionem
934 3363 1001 3414 servi

181 3441 315 3512 rotrpptir
340 3441 364 3494 ai
389 3451 477 3494 autem
496 3441 563 3493 citra
591 3441 789 3509 persuasionem
806 3451 833 3496 et
854 3443 1002 3499 uoluntario

180 3525 288 3580 malem
306 3524 497 3594 descripserit,
515 3525 550 3578 aie
566 3524 627 3578 doio
637 3525 772 3578 actionem
790 3537 948 3597 competere.
964 3530 1000 3584 lta

175 3611 261 3670 eiam
281 3627 314 3664 es
333 3609 352 3661 1.
354 3608 413 3679 jin.
427 3626 450 3662 e.
463 3609 496 3662 de
508 3609 566 3673 itis,
585 3609 635 3681 pui
649 3608 703 3662 stit
712 3610 740 3662 in
756 3618 863 3664 usioni.
881 3613 997 3668 adscrib.

177 3707 262 3767 patet,
282 3711 386 3748 ιιιιιιιιι
406 3711 484 3746 mann
502 3709 563 3756 acra,
582 3692 691 3747 domino
710 3692 874 3764 imperante,
892 3694 945 3747 sibi
964 3697 998 3750 ll-

179 3781 309 3834 bertetem
327 3783 420 3851 (quatu
441 3788 527 3830 temen
546 3795 599 3830 non
612 3778 740 3847 acquirit,
759 3777 807 3832 sed
824 3795 934 3848 poenam
956 3783 998 3837 in.

177 3865 279 3926 eurrit,
299 3861 352 3916 uisi
371 3863 531 3932 subscriptio
549 3860 651 3912 domiui
667 3863 847 3931 subsequtus)
864 3863 997 3920 edscribe·

109 3960 142 4004 ss
182 3961 313 4017 reptasse.
334 3946 482 3998 literatura
505 3946 527 3998 si
559 3961 607 4014 pso
626 3945 699 4000 seria
717 3946 889 4001 scientiarum
909 3952 998 4004 erudi·

180 4033 253 4085 tiuare
273 4040 407 4095 sumetur,
425 4049 483 4084 eam
504 4029 588 4099 ipsam
606 4041 633 4083 et
652 4030 738 4082 serris
755 4031 939 4100 occupetiisse,
959 4053 1000 4088 se·

127 4129 144 4170 ι
179 4113 287 4187 quentia
307 4113 477 4166 iudicabunt·
492 4117 537 4168 Sic
549 4114 622 4167 iuter
637 4128 725 4165 sersus
738 4114 806 4180 juris
820 4116 922 4184 peritos
937 4116 1003 4171 luis·

180 4213 222 4263 ee,
235 4209 310 4253 extre
325 4215 431 4252 omnem
446 4195 621 4250 «iubilationis
633 4197 715 4248 aleam
729 4197 919 4269 posilunt.Qua
928 4204 1002 4257 enim

182 4285 286 4336 satione
307 4301 395 4337 seram
416 4283 558 4335 barbarius
577 4281 739 4354 Philippus,
756 4285 833 4352 cujus
852 4283 883 4336 lit
901 4290 1003 4344 mentio

179 4370 238 4424 lui.
254 4371 324 4426 s.de
341 4367 392 4439 pff
409 4379 526 4435 praeter.
545 4366 679 4434 dignitate
699 4367 743 4420 ilis
769 4368 904 4438 praetoria
929 4370 1003 4441 iungi

179 4452 325 4526 puniisset,
351 4451 403 4505 nisi
423 4453 463 4513 ius
481 4449 620 4503 drmieeins
639 4448 783 4504 telsulurom
803 4461 933 4523 tamqnam
962 4456 1004 4509 bi.

181 4538 337 4592 bliotbecam
355 4538 475 4590 omniurn
495 4533 730 4605 plrilusoplmrum,
742 4534 837 4588 Cicero
851 4535 883 4590 de
897 4551 1003 4594 oretur.

180 4621 200 4673 i.
220 4631 243 4674 ι.
261 4639 284 4675 e·
304 4629 346 4672 st.
364 4619 416 4673 sibi
437 4618 570 4670 iemiliace
590 4616 715 4680 iecisset,
741 4626 769 4671 et
787 4634 838 4684 ea,
866 4638 934 4690 quoe
951 4623 1001 4682 ll..

179 4706 239 4760 Xll.
261 4705 407 4758 tabularum
427 4701 521 4754 durius
540 4701 626 4771 posita
657 4699 816 4756 ridebantur
832 4707 999 4774 constitute,

181 4787 343 4843 molemudo
353 4797 379 4839 et
392 4785 536 4854 aequitatis
548 4785 678 4838 rationem
692 4784 831 4852 habendo(
842 4787 869 4842 in
882 4806 913 4842 eo
926 4793 999 4846 enim

172 4887 328 4944 praessrum
345 4867 467 4925 ulbeinm
485 4869 664 4933 usssaisteiut)
688 4868 803 4924 l'ttcster.
822 4872 915 4927 lister.
935 4875 953 4928 i.
975 4895 999 4931 e.

109 4982 141 5027 ῃ
180 4957 228 5010 lib.
242 4969 267 5008 s.
280 4971 302 5008 e.
322 4965 365 5008 ιι.
384 4971 435 5025 pru
453 4952 564 5006 sebitrio
582 4967 629 5004 suc
647 4955 688 5022 jus
707 4953 828 5008 dixisset.
861 4955 933 5025 Quid
953 4958 996 5012 di·

177 5057 236 5094 cem
255 5040 288 5093 de
307 5037 475 5094 nobilissime
494 5035 642 5089 medicinae
659 5037 790 5091 scientie?
804 5038 855 5090 ilic
866 5054 930 5093 sane
941 5057 995 5095 rm·

181 5123 319 5198 piissimus
336 5139 393 5175 sese
409 5118 516 5174 dicendi
535 5135 643 5190 campus
660 5117 754 5185 olivet,
774 5121 897 5175 homines
914 5127 996 5178 sent-

180 5209 216 5264 lls
242 5207 403 5262 emadlticnis
424 5219 482 5259 earu
509 5203 638 5275 professes
657 5203 761 5271 luisse,
789 5215 819 5260 ut
847 5217 884 5260 est
914 5209 942 5262 in
971 5210 990 5262 i.

187 5291 272 5346 i'ltnis
285 5303 327 5343 ιι.
338 5299 359 5352 ς.
374 5303 397 5342 s.
405 5289 438 5357 ff.
451 5288 657 5360 defideicumm.
676 5290 762 5342 libert.
776 5291 793 5344 l.
813 5293 930 5344 medicus
952 5303 994 5345 sn.

173 5375 214 5446 J.
227 5378 260 5430 nie
272 5389 345 5439 oper.
358 5375 443 5426 illest.
455 5375 474 5427 i.
490 5387 528 5425 se.
541 5381 562 5434 ι.
580 5385 601 5424 ι.
611 5372 653 5442 ff.
667 5374 700 5426 de
713 5373 836 5426 climens.
851 5376 992 5431 celtiber.

108 5473 142 5518 ss
179 5461 259 5530 lepus.
276 5459 295 5510 i.
314 5475 337 5510 ι.
355 5457 510 5511 eommunia
523 5457 671 5523 delegetis.
691 5457 723 5509 Et
737 5459 800 5510 licet
813 5461 933 5512 rsnnttuili
948 5458 994 5512 do·

180 5561 281 5598 eorum
300 5544 370 5607 sitit,
388 5545 433 5612 qni
452 5544 534 5595 dietus
554 5554 641 5594 tessus
659 5541 692 5593 dc
710 5541 841 5594 medicina
855 5543 993 5613 empirica,

179 5639 312 5700 sesequaaa
331 5646 346 5680 ι
363 5627 478 5683 theorice
496 5637 627 5700 separatu,
640 5627 724 5684 relius
735 5627 895 5698 intellectum
908 5627 993 5682 selant

618 239 775 297 nesure
795 239 1134 296 ensttflsnctotttsts
1154 240 1258 300 ClilCi
1277 243 1379 298 tttttts
1397 258 1457 301 erc.

1766 243 1819 294 ιιι

1056 343 1157 400 lumen,
1176 337 1245 406 quoi
1263 339 1383 406 quamuis
1409 339 1489 392 dubie
1508 339 1572 394 itere
1589 337 1723 396 restrictio
1740 340 1791 401 sit,
1809 355 1873 408 paee

1054 435 1144 470 eorum
1164 430 1250 472 tanuen
1269 422 1402 484 dixerim,
1414 439 1502 476 sersus
1520 441 1573 476 nnn
1593 441 1686 478 omnes
1698 427 1776 493 plane
1789 425 1872 491 repel-

1054 501 1111 554 lere
1127 521 1142 555 e
1160 520 1188 556 se
1206 515 1277 557 artes
1293 507 1431 570 liberales,
1449 508 1592 575 quaeaiiae
1605 509 1690 562 libem
1709 509 1816 560 boaraiue
1829 506 1873 556 ‹li-

1053 601 1127 650 ιιιιι.
1144 585 1289 640 Goduired.
1308 589 1336 642 iu
1350 588 1427 659 isin.
1441 598 1462 653 ς.
1475 593 1523 644 uls.
1532 590 1573 661 ff.
1594 594 1627 646 de
1645 592 1769 648 aedilitio
1783 593 1870 646 edicte

1054 669 1094 720 iit.
1113 670 1138 722 d
1156 687 1215 724 euru
1235 682 1264 725 et
1281 672 1333 743 ipsi
1354 672 1511 728 liberalibus
1529 675 1622 730 sutcliis
1640 674 1745 728 entdiri
1764 674 1870 744 possint

1054 753 1170 824 sii-fin.
1184 756 1207 820 5.
1220 757 1268 810 ult.
1285 757 1362 810 toni.
1380 759 1472 812 bertec.
1490 759 1566 826 epist.
1591 772 1631 812 st.
1651 757 1778 828 lisemple
1797 758 1869 808 enim
1907 749 1937 791 ³⁸

1053 854 1105 890 non
1126 856 1205 906 penca
1225 841 1435 894 ‹ientoustratum
1462 841 1597 907 reddunt,
1619 844 1715 896 maritos
1734 855 1868 894 ιιιιοιιιιιι

1053 919 1086 970 erl
1104 937 1237 974 summum
1257 923 1484 978 nobilissimarum
1500 929 1596 980 artium
1617 926 1719 980 culmen
1733 923 1870 996 persenis·

1054 1018 1090 1054 se.
1110 1003 1147 1056 lta
1168 1006 1269 1075 Apulej.
1286 1007 1316 1059 in
1327 1007 1518 1079 apologistae
1537 1009 1605 1062 serui
1623 1005 1796 1062 'lbemisonie
1810 1024 1834 1057 m
1841 1019 1870 1055 e·

1055 1084 1148 1150 suiuit,
1167 1087 1201 1141 de
1217 1105 1270 1158 quo
1287 1103 1340 1142 asts
1358 1091 1482 1144 eumdem
1508 1093 1653 1146 medicinae
1673 1109 1725 1144 non
1745 1091 1867 1160 ipnmn

1054 1164 1150 1233 luisse,
1169 1171 1201 1223 ed
1220 1189 1298 1240 quem
1316 1173 1404 1225 tocnm
1430 1173 1522 1244 Scipio
1541 1177 1656 1228 Centiiis
1674 1175 1745 1228 bunc
1766 1175 1793 1224 in
1814 1186 1868 1226 mtt-

1053 1249 1116 1302 dum
1134 1265 1326 1308 nocumentatus
1343 1267 1399 1309 est:
1416 1256 1468 1309 icoc
1484 1275 1601 1323 nomen,
1620 1260 1739 1326 intellige
1757 1257 1830 1308 The.
1845 1255 1868 1304 l-

1053 1337 1141 1398 sunie,
1160 1335 1209 1408 qni
1218 1339 1313 1409 magni
1330 1340 1428 1394 solers·
1436 1339 1465 1396 s'n
1480 1352 1540 1396 erte
1551 1342 1655 1394 medica
1672 1337 1871 1394 paletenmet

1053 1417 1156 1472 umint's
1170 1419 1240 1476 iuni
1248 1441 1332 1477 sumu
1345 1425 1411 1477 olins
1428 1427 1589 1492 sumebant,
1611 1425 1768 1492 praesertin
1783 1420 1855 1472 serui
1861 1455 1869 1480 ,

1053 1519 1168 1572 puerunt
1177 1508 1313 1572 possessio
1324 1509 1375 1563 ilie
1388 1526 1450 1576 ers,
1469 1508 1593 1582 alioquin
1610 1507 1796 1567 restitutus,
1813 1513 1872 1558 ιω

1053 1587 1129 1653 repud
1144 1591 1295 1646 Bostrenos.
1312 1593 1439 1665 Exempla
1456 1595 1507 1646 alie
1526 1593 1586 1646 ride
1603 1593 1672 1664 apanl
1691 1591 1873 1660 sternuntur

1055 1667 1088 1721 de
1100 1670 1246 1728 nobils'tule
1263 1693 1285 1728 c.
1307 1687 1349 1730 st.
1369 1696 1397 1732 ιι.
1419 1688 1480 1732 ιιι.
1491 1688 1517 1728 et
1529 1695 1559 1730 ιι.
1575 1685 1635 1728 ιιι.
1655 1675 1769 1728 Silentiu
1786 1685 1874 1727 iernen

1056 1769 1109 1806 non
1135 1761 1425 1826 praetermittendnm,
1450 1761 1617 1834 Epictetum,
1640 1759 1817 1814 «senissimum
1837 1759 1872 1810 ad

1054 1839 1211 1908 sapientiam
1232 1846 1403 1914 magistrum,
1423 1846 1529 1918 lipsius
1540 1857 1608 1898 reat.
1623 1857 1645 1900 s.
1655 1844 1694 1899 ed
1706 1842 1782 1912 eug.
1794 1842 1872 1910 epistt

1054 1930 1097 1974 ss.
1114 1925 1219 1993 origine
1237 1929 1331 1992 silem,
1345 1939 1372 1982 et
1386 1931 1557 1985 interserens
1570 1938 1786 1984 coetnunseretnm
1802 1926 1869 1980 luis·

1052 2019 1096 2068 se,
1115 2017 1145 2059 ut
1162 2019 1190 2061 et
1207 2010 1265 2081 ipse
1282 2013 1315 2066 de
1333 2029 1360 2066 se
1378 2015 1598 2085 epigrammetion
1619 2015 1669 2068 noc
1687 2011 1810 2081 scripsit:

1072 2087 1168 2150 Δοῦλος
1184 2094 1333 2155 liniarum<
1348 2095 1462 2167 periples
1480 2097 1525 2150 aui
1543 2093 1613 2166 cripi
1631 2096 1766 2166 ἀνάπηρος

1106 2173 1160 2230 ttct
1177 2177 1270 2238 resins
1284 2171 1353 2250 'lpus
1363 2217 1372 2245 ,
1389 2199 1434 2234 ιιι
1452 2180 1524 2242 silas
1541 2181 1694 2242 ἀθανάτοις.

1400 2261 1450 2316 boe
1469 2271 1526 2316 est:

1069 2343 1171 2394 servm
1191 2341 1329 2410 Fpictetus
1344 2363 1422 2412 sum,
1443 2358 1526 2404 nutus
1541 2365 1659 2418 corpure
1676 2349 1804 2412 eleusius,

1105 2425 1169 2476 Irus
1184 2427 1330 2496 praepetis,
1348 2428 1465 2484 deliciae
1481 2447 1616 2501 stepernm.

1051 2502 1094 2556 liti
1115 2505 1178 2560 baec
1197 2510 1277 2564 iubet
1297 2512 1403 2582 Lipsius
1429 2515 1458 2568 in
1480 2514 1655 2585 philosophia
1677 2524 1703 2566 es
1720 2513 1878 2582 pitiiuinpie.

1051 2588 1144 2643 stoica
1164 2589 1210 2642 iib-
1233 2604 1254 2644 t.
1274 2595 1339 2652 diss,
1364 2609 1403 2648 ts.
1422 2598 1689 2662 Necomittendum,
1708 2597 1795 2666 ipsum
1824 2599 1874 2650 Te·
1909 2599 1941 2644 Η

1051 2673 1167 2726 rentium
1187 2676 1330 2730 latinitatis
1349 2679 1404 2734 lere
1424 2681 1575 2752 principem
1595 2697 1699 2734 ιιιιιιιιι
1720 2679 1811 2741 inisse,
1830 2679 1870 2732 uti

1050 2753 1100 2805 ltcc
1117 2773 1149 2808 er
1164 2759 1328 2814 iterasticlso
1340 2763 1373 2816 eb
1392 2765 1452 2833 ipso
1469 2765 1618 2834 misecripto
1637 2764 1869 2834 intelligerelioet:

1067 2839 1159 2894 Natus
1175 2841 1205 2896 in
1224 2846 1339 2898 excelsis
1355 2845 1431 2902 tectis
1450 2846 1624 2914 Curilsnginis
1642 2849 1733 2916 nilne,

1102 2925 1239 2978 Romanis
1256 2928 1369 2983 dercilus
1386 2931 1484 2986 bellica
1498 2931 1603 3001 praeda
1619 2927 1673 2996 liii,

1068 3005 1208 3075 Descripsi
1220 3029 1310 3064 mures
1322 3014 1475 3080 nominum,
1486 3016 1675 3086 iuvenumque,
1686 3031 1818 3087 senuans

1108 3093 1234 3158 Qualiter
1249 3106 1276 3149 ιι
1292 3100 1370 3152 servi
1386 3099 1525 3169 decipiunt
1537 3101 1673 3154 dominos.

1070 3176 1144 3244 Quiri
1158 3181 1305 3246 meretrises
1324 3181 1390 3254 quid
1406 3185 1470 3239 leno
1490 3186 1562 3239 ciniis
1579 3187 1723 3259 confinget
1746 3203 1868 3242 uveruss

1103 3265 1198 3331 naec.
1216 3267 1373 3336 quicumque
1390 3268 1469 3339 Iegis,
1487 3269 1541 3336 eie,
1557 3279 1622 3340 putu
1631 3307 1639 3333 ,
1658 3279 1756 3324 caussas
1773 3272 1833 3324 erit.

1048 3343 1112 3396 Viti·
1136 3347 1209 3402 intes·
1229 3361 1356 3406 coeteras
1385 3353 1569 3407 Terentianus
1594 3353 1729 3410 editiones
1750 3354 1869 3409 Cornelii

1048 3426 1203 3494 senseratis,
1221 3449 1288 3501 qnae
1306 3433 1387 3487 initio
1408 3437 1477 3488 sitae
1492 3435 1580 3489 Publii
1594 3435 1715 3489 Terentii
1731 3439 1869 3502 mertinis,

1046 3511 1169 3566 eutudem
1185 3513 1284 3568 Romae
1296 3517 1424 3570 ‘lercntio
1437 3517 1540 3571 Lucano
1552 3518 1668 3572 senatori
1687 3521 1836 3584 serrisisse,
1855 3540 1870 3573 a

1045 3613 1098 3665 apto
1116 3596 1151 3649 ob
1169 3597 1306 3666 ingenium
1325 3613 1352 3654 et
1371 3600 1483 3656 ioricam
1503 3620 1557 3656 nou
1576 3603 1718 3655 institutus
1737 3607 1813 3655 nando
1832 3607 1864 3654 ii·

1048 3679 1189 3746 beraliter;
1208 3681 1296 3737 sedet
1318 3696 1419 3738 mature
1439 3686 1617 3738 manumissus
1643 3685 1734 3738 luerit.
1759 3685 1867 3738 Cosaier.

1046 3766 1136 3834 slogia
1154 3777 1270 3822 ιιιιηιιιι
1289 3769 1355 3822 ibid.
1374 3771 1419 3822 ubi
1439 3781 1526 3840 patet,
1545 3771 1646 3824 dietum
1668 3771 1823 3825 hessaticon
1838 3771 1865 3821 in

1044 3851 1155 3921 autiquae
1174 3869 1238 3906 mss.
1257 3853 1412 3908 bibliotecae
1430 3857 1500 3924 regis
1517 3855 1623 3908 Galliae
1641 3855 1866 3908 exterminandi
1908 3877 1937 3918 ps

1048 3938 1188 3990 materiem
1202 3937 1325 3991 haberem
1344 3939 1377 3991 eie
1393 3939 1413 3990 1.
1434 3947 1477 3990 ιι.
1487 3937 1528 4006 ff.
1541 3940 1574 3992 de
1586 3939 1710 3992 conteris.
1724 3953 1807 4008 empt.
1820 3941 1865 3993 ubi

1050 4023 1121 4075 ictus
1139 4024 1273 4094 expressis
1290 4023 1378 4076 eeriais
1402 4021 1436 4076 de
1460 4040 1535 4076 serso
1559 4023 1665 4078 literato
1690 4024 1768 4088 siieits
1792 4047 1869 4096 apere

1050 4126 1154 4180 possem
1173 4111 1208 4162 ‹le
1225 4108 1352 4172 notariis,
1364 4126 1475 4178 quassum
1489 4109 1571 4178 aliqui
1587 4108 1654 4180 apud
1669 4112 1801 4163 Romnuos
1814 4131 1869 4164 eer-

1049 4193 1076 4247 ai
1097 4190 1213 4248 luerunt.
1232 4197 1250 4248 i.
1271 4209 1295 4248 s.
1313 4211 1336 4248 e.
1353 4211 1451 4248 comm.
1471 4195 1504 4247 de
1522 4194 1601 4264 lepus.
1619 4213 1668 4246 nec
1685 4197 1796 4266 prclnto
1815 4201 1869 4250 «lii-

1052 4276 1125 4334 belle
1143 4289 1229 4342 esset,
1247 4295 1338 4333 serane
1355 4279 1504 4350 antiquitus
1529 4274 1764 4332 liliorumlnmilias
1792 4301 1869 4352 pens.

1051 4377 1185 4436 ceptores,
1203 4367 1284 4418 tutiass
1302 4364 1370 4417 eltae
1388 4380 1418 4416 ec
1438 4381 1540 4415 murrum
1561 4361 1722 4433 inspectores
1743 4365 1832 4420 irrisae.
1847 4377 1869 4433 ι,

1054 4463 1076 4506 ι,
1095 4451 1180 4504 instit.
1197 4449 1246 4522 qui
1261 4459 1287 4504 et
1305 4469 1341 4504 er
1360 4447 1433 4520 quii.
1451 4465 1526 4503 cons.
1547 4467 1625 4506 mun.
1640 4469 1697 4504 nun
1712 4451 1868 4510 sinentes.

1053 4535 1111 4590 luc.
1129 4536 1264 4590 Fruterins
1282 4533 1328 4586 iil.
1348 4545 1371 4586 s.
1392 4531 1576 4586 verisimilium
1595 4551 1619 4586 e.
1643 4546 1682 4586 tt.
1700 4553 1779 4603 quem
1809 4540 1868 4591 eicie

1050 4623 1079 4676 in
1098 4634 1174 4677 tomo
1193 4619 1317 4674 sinuum·
1331 4615 1420 4670 critici
1436 4616 1563 4676 Gruteris
1583 4627 1607 4670 at
1627 4633 1687 4669 seco
1704 4637 1763 4672 eum
1778 4631 1806 4674 ut
1819 4641 1867 4690 epo

1048 4705 1178 4766 arbitror,
1191 4721 1327 4757 serrorum
1346 4701 1481 4754 literatura
1499 4715 1532 4752 ea
1551 4699 1692 4754 abundanti
1704 4713 1809 4756 ostensa
1824 4707 1867 4769 sit,

1049 4790 1236 4849 subsistimus,
1256 4798 1282 4839 et
1301 4787 1333 4838 ad
1352 4786 1410 4838 iiius
1429 4801 1571 4852 personas,
1589 4801 1656 4853 qnae
1674 4788 1722 4838 sub
1734 4797 1865 4856 potestante

1046 4879 1184 4944 parentum
1202 4869 1388 4930 eontinentur,
1406 4867 1495 4940 prucis
1515 4885 1562 4921 nos
1579 4867 1751 4922 conferimus.

1085 4955 1115 5008 in
1135 4955 1184 5007 ltee
1203 4954 1284 5024 igitur
1303 4961 1433 5022 potestate
1451 4963 1513 5004 scant
1525 4953 1604 5006 liberi
1623 4969 1654 5006 es
1675 4954 1751 5018 iustis
1765 4959 1867 5026 nuptiis
1906 4965 1936 5006 st

1048 5040 1189 5112 procreati.
1200 5056 1241 5106 pr.
1260 5039 1345 5091 instit.
1363 5038 1398 5092 de
1413 5037 1508 5108 putria
1525 5047 1675 5106 potestate,
1694 5057 1760 5110 qums
1772 5060 1866 5111 pareu-

1048 5132 1087 5177 tes
1105 5137 1158 5174 non
1178 5122 1262 5174 solum
1281 5121 1401 5184 educare,
1421 5121 1468 5173 sed
1489 5130 1514 5174 et
1528 5121 1595 5174 bene
1607 5121 1718 5175 educare
1730 5141 1864 5179 necessum

1047 5205 1153 5260 babent.
1172 5203 1212 5256 ld
1231 5206 1399 5258 mnnmaero
1418 5203 1601 5257 educationem
1620 5223 1671 5257 nrm
1699 5209 1787 5259 seitim
1815 5211 1866 5262 ali-

1048 5301 1149 5352 ments,
1168 5305 1256 5342 aerum
1276 5289 1356 5342 etiam
1376 5289 1464 5340 studia
1484 5289 1646 5354 necessaria,
1666 5305 1732 5359 nisae
1757 5292 1789 5342 asi
1817 5295 1865 5346 ali-

1047 5382 1133 5425 nsenla
1153 5373 1307 5442 pertinent,
1326 5371 1422 5440 Geosg.
1452 5371 1525 5425 bene.
1545 5369 1613 5425 itero
1632 5373 1665 5424 sb
1685 5371 1810 5426 Estetsltel.
1834 5379 1869 5430 ele

1044 5456 1138 5525 privii.
1153 5473 1215 5523 pnr.
1231 5467 1260 5510 et
1277 5455 1352 5508 iiber.
1369 5453 1463 5522 privil.
1484 5466 1507 5506 ι.
1526 5471 1550 5508 ι.
1570 5466 1594 5506 ι.
1614 5473 1639 5508 ιι.
1662 5469 1684 5507 s.
1704 5456 1861 5514 celerinum:

1045 5557 1104 5595 eum
1125 5541 1164 5612 pii
1184 5543 1266 5610 patris
1284 5541 1336 5602 sit,
1354 5557 1446 5592 curare
1470 5552 1498 5591 ut
1518 5551 1618 5608 praeter
1642 5541 1766 5593 elimenta
1784 5545 1865 5595 etium

1044 5627 1137 5682 studiis
1148 5626 1304 5700 liberalibus
1322 5625 1400 5678 liberi
1420 5623 1565 5694 diligenter
1584 5623 1738 5680 imbuantur
1754 5627 1772 5680 i.
1793 5639 1818 5678 ι.
1826 5627 1878 5696 ff.
