4404 6242
450 235 506 304 ὣς
1037 239 1227 296 mn·
1242 247 1302 300 XV.
1318 250 1435 308 eleut
1455 255 1477 309 l.

396 338 445 402 ῃ.
463 339 493 387 i·
510 337 572 402 in
592 337 784 408 mim,
801 337 856 391 b
876 345 934 401 g,
949 355 1002 391 ,ῃ
1015 337 1150 407 ξμς,
1169 355 1220 389 ιε
1268 367 1369 402 eonas
1386 351 1415 402 in
1434 350 1585 419 Bonisacio
1608 359 1744 426 emunda,
1762 369 1790 414 et
1812 361 1899 418 netu
1919 367 2046 426 turinensis

1958 267 2017 342 os¹

397 421 552 472 airh-tes
567 422 714 486 ἱιιιιιι,
731 424 867 481 delii-aee,
882 441 944 476 oasa
961 435 1052 477 ιιιιι
1068 429 1152 476 naso
1169 443 1216 476 ιι
1266 433 1414 484 lastiniani
1434 437 1599 490 aduersarius
1617 439 1814 510 acerbissimus,
1833 450 1871 500 uti
1890 451 1997 502 ostendis
2008 452 2046 506 do.

397 512 457 556 uh
474 507 555 572 ζ..
571 507 602 558 ἰ
622 513 681 574 ju
694 509 732 558 de
747 510 849 574 ῇιὶ-
870 511 1009 578 aperite
1032 509 1101 560 nihi
1125 511 1212 576 pub·
1266 513 1399 566 liiebelius
1415 516 1445 568 in
1465 518 1489 569 d
1508 531 1585 572 eracl.
1606 524 1646 576 od
1661 543 1689 576 n.
1710 537 1751 576 ιι.
1766 546 1792 593 p.
1810 547 1843 580 ns.
1863 540 1903 582 ιι.
1919 531 1960 583 sed
1977 539 2044 586 ιιιιιιι

396 593 496 642 manti
513 595 696 655 meniu,
712 609 783 662 pe
799 595 966 644 kmi·
977 595 1103 662 yesi-s
1120 605 1212 644 ιιιιιι-
1263 596 1292 648 itr
1311 600 1453 653 salvatoris
1472 606 1556 656 nostri
1570 606 1695 661 honorem
1708 612 1925 678 elegantissimum
1937 614 2049 685 hymnum
2078 617 2101 660 ²¹

397 672 1209 745 &theomachum-etaeta-

1260 687 1454 750 composuerit:
1471 707 1602 758 quemque
1621 693 1699 746 hodie
1717 715 1731 748 a
1749 695 1857 748 Graecis
1876 698 1954 766 palam
1972 699 1997 751 io
2013 717 2049 754 ιι-

394 768 457 804 ι·-
473 759 645 820 erius-ast,
661 763 687 812 si
703 771 767 810 aete
780 761 874 810 onia
885 774 993 828 prun
1003 775 1054 808 ure
1065 761 1206 826 legartiom
1260 768 1351 819 clesiis
1368 772 1426 823 cani
1448 776 1531 828 tradit
1548 778 1720 830 hlaestertius
1736 779 1771 829 de
1780 777 1880 847 iustitia
1892 779 1918 832 ll.
1930 797 2046 838 mneno-

393 855 446 892 aee
462 841 639 894 ιαῦιιιιιι
658 845 902 910 tuaeepueeeen„
916 845 989 891 &ee
1001 851 1088 892 osaea
1102 845 1207 897 ιιιιῑο·

392 937 482 980 hm
499 941 527 982 ιι
546 933 646 994 jute-
665 930 852 998 ireprsisam
872 927 1059 996 mimate
1076 930 1146 981 calce
1159 932 1205 982 ad-

1260 868 1320 901 rum
1338 852 1385 903 tit.
1408 865 1429 905 t.
1447 856 1531 910 dalis.
1551 869 1575 909 ι.
1593 860 1639 912 ubi
1659 871 1686 912 et
1702 861 1822 915 eumdem
1846 862 1932 916 retest.
1955 866 2050 936 ttseqes

1258 946 1317 1003 post
1338 937 1465 991 isidorum
1485 946 1580 996 asserit
1599 945 1757 1014 Gyphsuius
1769 947 1797 998 in
1812 948 1974 1001 cosenciae
1986 961 2048 1004 orat.

392 1014 506 1082 jugan
520 1029 637 1066 Μ.
655 1013 733 1062 Gerne
750 1011 871 1061 narmi
886 1025 967 1060 uae
986 1014 1205 1078 excogitationem
1256 1021 1289 1072 de
1308 1020 1433 1088 imperat.
1456 1026 1632 1080 lostinionc.
1655 1029 1728 1079 lslem
1748 1030 1845 1080 Aaron.
1865 1029 2013 1084 Sabettteuo
2028 1043 2052 1086 st

390 1109 448 1148 aaa
465 1113 515 1148 ero
531 1095 694 1150 ιιιιιῦιιιι.
711 1089 830 1144 *derebt
845 1091 997 1144 abta-
1016 1094 1050 1145 sb
1073 1099 1132 1164 ipso
1153 1099 1203 1152 tm.

391 1191 518 1251 peratore
534 1184 564 1232 ἐι
582 1185 606 1242 ξι
625 1175 674 1229 ‘a-
690 1177 753 1228 tsee
768 1177 805 1228 sle
814 1175 840 1242 1⁸.
855 1193 883 1226 ι.
899 1195 926 1244 3.
939 1187 1000 1228 ete.
1013 1183 1202 1251 praescriptam

321 1284 352 1328 st
390 1277 447 1318 eta
465 1265 544 1318 ossis
562 1265 612 1316 leae
628 1265 687 1314 eise
700 1259 842 1314 ιιιιιιιιί.
862 1261 945 1312 uates
964 1278 1027 1312 rem
1044 1280 1123 1332 qaam
1152 1266 1201 1318 boc

391 1345 457 1412 tet.
469 1347 682 1404 worm
694 1345 749 1398 cit
758 1343 908 1413 quaestioni
922 1345 1047 1412 vulgatae,
1058 1365 1108 1415 qne
1122 1351 1201 1402 tnulti

391 1433 578 1506 imperassem
596 1433 719 1486 issem
735 1431 838 1490 nleot,
857 1427 945 1494 ipsum
968 1429 1062 1497 quovis
1083 1421 1199 1504 ciinlpoe.

316 1533 351 1578 ss
387 1525 466 1602 fii*
480 1515 711 1574 culmiciaco
723 1513 934 1580 Pmsmoeeptam
948 1510 1015 1563 issue
1030 1515 1200 1582 opinionem,

385 1609 478 1666 mlo
493 1623 547 1676 ιιι
562 1597 742 1655 denotasti
754 1598 844 1648 animo
857 1596 944 1658 ducti,
958 1595 1044 1650 lovere
1055 1601 1112 1650 ausi
1127 1611 1198 1665 suut,

384 1691 544 1752 ῐιιιιιιιιίιι
562 1685 637 1738 talla
659 1681 707 1736 tll.
735 1691 761 1732 ι.
778 1680 892 1747 elegant.
910 1695 969 1748 cop.
990 1693 1033 1732 ιι.
1053 1680 1151 1734 Bodin.
1168 1683 1197 1736 in

382 1779 431 1834 a
447 1776 485 1832 de
500 1773 590 1842 repe&
607 1787 631 1824 e.
651 1781 674 1820 ι.
693 1785 720 1817 n.
741 1775 781 1814 tr.
798 1763 842 1816 cit.
859 1783 873 1816 ι
893 1766 948 1816 Jac.
966 1766 1061 1817 hlaest.
1081 1767 1113 1820 de
1131 1766 1197 1818 inst:

383 1861 442 1920 ιι
461 1857 566 1914 ΜΛ,
590 1871 613 1904 ι.
629 1852 692 1905 dol.
712 1859 736 1900 ι.
755 1848 868 1918 aliique,
887 1865 953 1917 quos
966 1859 1115 1918 praetereo,
1137 1869 1196 1903 cnm

381 1945 509 2002 breritsti
522 1939 653 1998 studeam
671 1937 716 2006 qtri
737 1943 825 1986 tamen
844 1950 888 1986 eos
909 1933 999 1986 ridere
1016 1935 1107 2004 cupit,
1122 1933 1198 1990 adeat

380 2032 466 2088 osteo
483 2030 512 2080 d.
531 2025 679 2078 Eichelinm
698 2019 727 2072 in
743 2017 1026 2072 anirnadcersioniiur
1039 2018 1196 2072 accuratiss.

380 2117 421 2172 ad
440 2109 564 2167 delaissa
589 2108 639 2158 Pro
656 2103 730 2174 cupii
745 2099 921 2154 Caesariensis
939 2101 976 2153 cd
995 2119 1023 2154 n.
1043 2111 1086 2151 ιι.
1101 2121 1127 2169 p.
1154 2114 1197 2154 cs.

380 2205 480 2258 Verum
499 2195 522 2246 si
543 2185 881 2258 Vallan1‚qsroadprimas
901 2185 989 2238 saltem
1014 2188 1129 2256 pagellas
1154 2187 1196 2239 in·

378 2279 608 2352 leospexerimtts,
625 2271 690 2344 quid
709 2271 741 2322 de
754 2288 783 2322 eo
797 2269 965 2334 indicendum
980 2271 1097 2339 patebit,
1112 2271 1195 2324 Ande.

379 2369 475 2428 Alsiet.
494 2365 541 2417 lid.
561 2370 584 2413 ι.
595 2360 628 2412 de
642 2351 752 2430 uerbor-
765 2353 859 2424 signis.
873 2353 926 2423 ipsi
938 2355 1048 2424 quidem
1061 2357 1196 2423 insignem

376 2451 570 2511 eruditionem,
590 2441 660 2512 quod
678 2453 702 2494 et
718 2439 829 2509 quisquc
842 2437 940 2488 latetur
950 2475 957 2500 ,
969 2437 1081 2504 tribuit,
1096 2440 1142 2493 setl
1155 2458 1196 2494 sr-

376 2536 530 2604 eogantiae,
550 2529 698 2601 philautiae
716 2541 848 2586 sommae,
868 2523 976 2576 sinistri
996 2523 1029 2578 de
1046 2527 1138 2594 tausis
1157 2529 1195 2594 jo-

377 2619 442 2672 dicii
462 2617 580 2668 incusut:
601 2613 711 2665 hioc'et
733 2609 795 2662 odio
814 2609 879 2679 ¹plns
904 2625 983 2676 qnam
1010 2610 1156 2664 Vatiniana
1180 2628 1193 2660 a

376 2703 470 2776 qttcsis
489 2701 611 2760 babitus,
631 2698 733 2750 nullum
752 2712 813 2746 cum
831 2693 989 2746 adversariis
1008 2695 1064 2745 suis
1075 2695 1194 2748 certandi

375 2801 478 2858 tempus
496 2785 640 2857 praeterire
659 2785 730 2836 sirit.
750 2781 803 2835 Sed
821 2779 1041 2849 quemadmodum
1058 2783 1124 2836 alios
1139 2800 1194 2836 mo·

376 2873 513 2928 morderent
530 2871 619 2930 siros,
638 2869 678 2921 ita
702 2863 762 2936 ipse
786 2865 868 2917 etium
895 2861 1034 2918 d'eionctus
1060 2868 1195 2921 mordaces

375 2955 468 3009 hahuit
486 2953 568 3016 illese
588 2951 652 3004 hino
670 2948 837 3018 nescioquis
870 2949 965 3011 Poeta,
997 2949 1052 3002 rid.
1082 2951 1193 3020 illactin.

377 3039 500 3094 nuntius
517 3038 535 3092 l.
556 3047 581 3090 ι.
594 3036 632 3092 de
650 3049 794 3090 ratmunt.
812 3048 903 3086 rerum
920 3032 1010 3106 script.
1026 3053 1053 3105 p.
1075 3049 1098 3092 t.
1115 3052 1139 3087 c.
1153 3046 1195 3088 tt.

422 3138 445 3180 l.

378 3132 532 3266 §Tandem
552 3209 628 3264 valta
647 3207 722 3272 silet,
741 3206 836 3259 solitos
854 3205 900 3275 qui
920 3223 1025 3277 precere
1044 3205 1127 3262 nullis

413 3295 443 3350 Si
461 3293 567 3366 quaeris
583 3291 649 3365 quid
665 3301 740 3362 egat,
761 3308 831 3343 nuuc
845 3309 950 3362 quaque¹
960 3293 1064 3346 mordet
1074 3295 1193 3350 buroam.

622 3385 677 3435 si'ets
696 3387 726 3433 ul
744 3375 813 3428 olidi
829 3377 945 3430 ltobcnl:

374 3467 453 3526 Nunc
471 3450 607 3540 postquam
627 3480 718 3516 nunes
736 3458 876 3514 defunctus
894 3463 968 3515 Valla
986 3461 1092 3535 petitit.

411 3555 472 3610 Non
490 3553 568 3608 audet
587 3553 665 3607 Pluto
681 3549 761 3604 serbe
778 3548 861 3600 latins
881 3547 963 3616 loqui.

377 3641 486 3714 iupiter
505 3640 575 3691 hunc
593 3635 659 3688 oceli
677 3633 805 3702 dignutus·
818 3642 893 3702 parte
911 3631 1020 3685 luissets

414 3725 557 3778 Certsorem
577 3720 682 3789 linguae
700 3717 748 3771 sed
768 3715 845 3768 timet
864 3715 921 3786 ipse
938 3733 1007 3770 suae.

415 3807 518 3860 Bodlno
538 3803 618 3857 iidem
638 3803 802 3864 tribuamus,
820 3803 945 3855 earduus
970 3803 1053 3855 lector
1077 3798 1193 3871 negabit.

378 3889 415 3943 Ut
434 3889 507 3940 enlm
526 3885 558 3938 de
578 3885 638 3954 ipso
655 3882 724 3936 istos
751 3879 819 3946 ieet,
850 3898 921 3934 sucru
955 3883 979 3933 ei
1005 3884 1093 3935 minus
1115 3901 1193 3936 curae

376 3971 478 4035 luisse,
496 3971 663 4040 patriamque
681 3984 753 4019 suam
773 3967 866 4035 gallico
891 3983 964 4018 more
988 3965 1065 4018 laude
1090 3967 1192 4036 insigni

377 4057 503 4119 evehere,
523 4069 632 4122 caroque
650 4050 761 4103 caeteris
774 4049 906 4102 anteferre
918 4049 1066 4102 studuisse:
1080 4049 1133 4101 rid.
1147 4068 1193 4102 er·

377 4141 522 4196 cellentiss.
544 4137 588 4190 dn.
607 4128 772 4190 liecmunnus
790 4135 819 4187 tu
845 4135 958 4203 collegio
988 4144 1140 4188 erectorum.
1170 4154 1194 4188 c.

382 4237 423 4278 ts.
443 4227 465 4276 ι.
488 4235 509 4274 t.
529 4240 556 4275 n.
576 4230 601 4272 t.
619 4219 664 4272 ubi
685 4221 782 4270 Aulon.
809 4219 980 4271 Passerinum
1003 4217 1032 4268 in
1056 4217 1195 4286 singulari

379 4305 599 4360 consideratione
626 4321 659 4356 oc
683 4301 810 4355 cautione
832 4302 866 4354 de
889 4301 951 4353 ioh.
978 4299 1074 4352 Badiui
1099 4301 1193 4368 libris,

377 4391 452 4444 edita
468 4407 528 4444 com
546 4385 712 4439 illechiurelli
730 4385 854 4454 principe
876 4384 972 4440 ltrsatt.
1000 4397 1076 4436 teoo.
1095 4385 1123 4438 in
1150 4395 1192 4438 ιι.

379 4473 487 4541 allegat!
507 4471 542 4522 ita
562 4488 610 4523 nec
627 4470 768 4532 erubescit,
787 4486 849 4520 cum
868 4487 889 4522 c·
910 4478 934 4519 t.
953 4469 1033 4520 metir.
1052 4468 1113 4520 tu'se.
1142 4469 1191 4522 ait.

377 4553 471 4608 licere
489 4572 593 4608 suornm
613 4555 770 4624 populorum
790 4553 947 4622 dignitatem
961 4554 1071 4607 honesto
1086 4555 1194 4606 menda·

378 4639 421 4692 cio
441 4641 517 4692 ttreri.
537 4638 614 4691 Conl.
634 4637 743 4690 Lousios
759 4635 788 4688 in
808 4647 879 4688 orat.
897 4647 995 4690 eontra
1017 4637 1143 4691 Galliam
1165 4658 1190 4706 p.

382 4741 418 4776 ιιι.
440 4735 497 4777 ιιι.
517 4723 617 4776 Mirum
636 4739 698 4790 ergo
717 4721 785 4774 haud
799 4723 862 4782 erit,
876 4721 897 4772 si
912 4721 944 4772 ab
957 4727 1048 4774 eor'nm
1062 4723 1198 4776 senteutia-

380 4811 577 4878 recesserimus.
596 4808 714 4876 Namque
730 4804 950 4874 exscriptoribus
966 4805 1102 4858 historicis
1113 4805 1192 4858 aliter

379 4894 487 4959 edocti,
507 4892 689 4946 iustiniauum
707 4891 845 4944 literarum
866 4890 1060 4960 peritissimum
1091 4887 1190 4956 luisse,

377 4977 472 5047 paucis
489 4977 659 5029 ostendemus
691 4977 710 5026 tt
730 4975 827 5044 primis
842 4975 919 5027 antris
933 4975 1091 5044 discipliuae
1104 4975 1191 5027 'iheo-

377 5063 448 5133 phili
467 5061 577 5114 trstlittts
596 5071 650 5126 est,
670 5070 698 5112 ιιι
717 5059 811 5128 probat
831 5059 1011 5128 iurotnpnreb.
1027 5060 1077 5110 ttu.
1091 5057 1192 5114 Eichet.

379 5145 408 5198 in
428 5145 452 5198 d.
472 5155 505 5200 rr.
525 5145 569 5198 ad.
589 5163 617 5197 n.
637 5154 679 5195 tt.
695 5163 722 5212 p·
750 5155 806 5198 tec.
826 5144 875 5197 soh
892 5148 967 5212 cujus
994 5143 1127 5197 indefesso
1152 5145 1190 5196 la-

378 5231 443 5284 bore
462 5241 485 5283 et
504 5247 605 5282 summa
624 5227 762 5295 diligentis
782 5229 901 5282 eltrudem
923 5230 952 5281 in
970 5229 1055 5283 literis
1070 5229 1189 5296 insigui-

1257 1101 1413 1174 l'rooopium
1432 1108 1465 1160 de
1485 1110 1642 1178 imperatore
1662 1112 1913 1164 nostrolostiniena
1924 1115 2051 1170 memorias

1255 1187 1413 1250 tradidisse,-
1434 1200 1545 1244 testatnr
1565 1193 1719 1246 llueoouius
1735 1194 1831 1260 disput.
1855 1206 1876 1246 t.
1893 1207 2010 1250 centron.
2030 1209 2050 1250 t.
2142 1207 2147 1214 ‘

1251 1279 1279 1320 cl
1294 1272 1438 1343 Orlolphns
1458 1275 1608 1330 Fortiannus
1626 1279 1691 1341 disp.
1714 1290 1735 1330 t.
1756 1281 1779 1327 ζ’.
1800 1288 1842 1331 st.
1857 1279 1915 1330 rud.
1934 1282 1951 1330 l.
1967 1298 1989 1334 c.
2011 1281 2046 1334 uti

1251 1372 1294 1410 ecs
1313 1371 1432 1414 recenset
1450 1361 1620 1416 Christianus
1634 1364 1762 1417 Matthiae
1773 1363 1801 1416 in
1812 1366 1919 1417 theatro
1931 1365 2048 1420 historice

1249 1443 1308 1494 snb.
1326 1447 1387 1498 vito
1406 1447 1566 1502 Iustiniani
1583 1447 1680 1518 magni
1695 1465 1757 1514 cap.
1773 1459 1795 1500 t.
1814 1467 1843 1500 n.
1860 1461 1882 1499 t.
1895 1449 2048 1519 Quid?qoud
2078 1455 2103 1498 tt

1251 1523 1315 1580 fidei
1332 1529 1394 1583 sune
1412 1533 1542 1586 rationem
1562 1550 1607 1585 sua
1628 1551 1706 1586 manu
1725 1533 1854 1602 scriptam
1872 1533 1905 1586 ut
1928 1551 2051 1590 ιοιιιιιιιι

1249 1612 1405 1682 episcopum
1425 1617 1531 1668 misisse
1550 1617 1701 1670 tua'sustus
1719 1617 1749 1668 io
1766 1618 1890 1671 iohanne
1901 1617 2008 1670 mundo
2021 1630 2050 1673 te

1250 1694 1300 1745 stis
1317 1706 1367 1747 est.
1385 1698 1496 1750 sileant
1516 1702 1594 1770 peplo
1613 1699 1759 1764 iarolram,
1779 1701 1867 1771 ipsum
1884 1703 2047 1771 conspicuo·

1250 1777 1292 1845 pis
1308 1794 1341 1828 ea
1361 1781 1551 1835 remotissimis
1569 1785 1723 1853 regionibus
1754 1784 1786 1836 ad
1810 1801 1841 1836 se
1870 1785 2052 1850 molliunt

1248 1879 1315 1931 quos
1333 1862 1448 1915 celebres
1466 1875 1493 1918 et
1510 1865 1601 1919 doctos
1620 1866 1768 1928 audieerat,
1786 1883 1874 1920 eoram
1892 1867 1993 1921 erudito
2014 1869 2048 1922 di

1249 1955 1380 2015 epotasse,
1398 1947 1522 2004 othehet
1536 1951 1642 2021 'scepios
1659 1950 1785 2018 allegatos
1810 1949 1858 2004 da.
1876 1951 2047 2007 Eichelicsia

1247 2031 1273 2084 sl.
1294 2042 1371 2085 tract.
1391 2033 1430 2085 od
1446 2051 1473 2085 n.
1495 2041 1536 2086 ts.
1552 2053 1579 2101 p.
1600 2047 1644 2086 ιι.
1661 2045 1689 2086 ιι
1706 2049 1798 2086 amore
1810 2030 1965 2104 fidei,qoia
1976 2037 2051 2090 chari·

1227 2139 1228 2142 ¹
1249 2116 1308 2168 tatis
1326 2117 1415 2170 studio
1433 2117 1552 2180 edoctus,
1570 2117 1758 2170 ecclesiasticis
1769 2117 1925 2188 disciplinis
1937 2137 2050 2175 rmusoss

1247 2199 1319 2252 sedis
1338 2203 1512 2254 reverentiam
1519 2241 1527 2266 ,
1547 2213 1625 2270 prout
1645 2211 1709 2252 tunc
1729 2201 1860 2270 temporis
1878 2205 1946 2256 ratio
1963 2203 2047 2268 suasit,

1246 2299 1425 2350 consecrasse,
1446 2295 1475 2338 ot
1494 2296 1603 2338 testator
1620 2286 1756 2338 lohannes
1767 2285 2050 2357 arciri-episcopusin·

1248 2381 1341 2417 manus
1359 2367 1387 2418 in
1405 2367 1426 2420 l.
1446 2367 1518 2421 inter
1534 2371 1627 2423 claras
1643 2386 1686 2438 pr.
1703 2387 1727 2422 c.
1746 2371 1909 2425 desummo
1926 2372 2006 2425 uiui.
2021 2365 2050 2424 ll·
2077 2369 2100 2413 ll

1244 2449 1290 2502 lud
1308 2453 1400 2504 sallem
1421 2454 1546 2517 monebo,
1565 2449 1635 2525 besod
1648 2467 1715 2510 tanta
1732 2455 1878 2524 diligentia
1891 2474 1923 2510 ιι
1936 2458 2050 2512 immense

1245 2546 1274 2588 ιι
1292 2553 1358 2606 pene
1377 2536 1515 2608 desperato
1535 2541 1631 2593 ceteris
1649 2541 1879 2612 iurisprudeotiae
1895 2560 1973 2612 opere
1988 2545 2049 2612 teges

1246 2619 1275 2670 in
1294 2635 1373 2672 uuam
1388 2623 1591 2676 ‘consonantiam
1610 2611 1757 2694 redegerit,
1775 2639 1806 2676 ac
1822 2623 2049 2679 felicissimeadlb

1244 2719 1303 2754 nem
1322 2703 1492 2773 perduierits
1512 2720 1540 2760 ut
1557 2717 1586 2759 et
1604 2708 1661 2778 ipse
1682 2707 1786 2762 Plotina
1806 2709 1922 2778 allegato
1940 2712 1994 2764 loco
2014 2727 2048 2764 as·

1245 2798 1328 2851 serat,
1346 2806 1399 2840 non
1418 2789 1516 2841 mirum
1541 2808 1614 2856 esse,
1643 2793 1831 2854 Justinianurn
1862 2794 1928 2846 tanti
1957 2793 2048 2863 ingenii

1245 2879 1381 2940 tantaeque
1393 2867 1528 2926 doctrinae
1546 2871 1644 2939 luisse,
1658 2875 1727 2943 quod
1740 2877 1814 2944 leges
1828 2893 1949 2928 romanas
1959 2876 2050 2945 disper·

1245 2971 1285 3006 sas
1303 2965 1329 3008 ιι
1349 2957 1538 3025 incompositas
1556 2958 1585 3009 in
1604 2957 1727 3011 ordinem
1745 2960 1898 3027 relegerits
1915 2957 1982 3029 qrrorl
1999 2976 2051 3029 pro-

1244 3036 1311 3092 lecto
1330 3039 1413 3092 instar
1429 3041 1550 3091 omnium
1571 3043 1720 3102 rationum,
1738 3042 1842 3110 quibos
1869 3043 2009 3097 lusttutaat
2026 3043 2053 3094 li·

1246 3133 1358 3176 terarum
1376 3123 1516 3177 scientiam
1535 3124 1716 3178 demonstrare
1734 3127 1869 3194 nitimur,
1894 3145 1950 3181 esse
1972 3135 2054 3198 posses

1245 3205 1352 3275 Quippe
1362 3206 1592 3275 jurisprudentiae
1611 3217 1717 3260 nostrae
1734 3227 1800 3278 opus
1813 3221 1872 3264 tam
1883 3211 1960 3264 alacri
1980 3211 2053 3266 stolis

1246 3285 1337 3358 perfici
1356 3306 1409 3342 noo
1427 3302 1556 3354 curasset,
1574 3291 1627 3342 nisi
1647 3303 1669 3344 et
1688 3291 1776 3346 literis
1790 3295 1943 3350 instructus
1955 3283 2049 3362 ldisset,

1244 3390 1304 3424 cum
1323 3372 1478 3443 plerumque
1497 3375 1634 3428 literarum
1654 3376 1779 3445 imperiti
1797 3395 1893 3433 meum
1905 3381 1999 3434 oollam
2015 3398 2052 3434 cs·

1244 3473 1300 3511 ram
1319 3459 1415 3512 habere
1433 3461 1542 3512 soleant.
1561 3461 1624 3512 Vid.
1642 3463 1811 3517 Mnestertios
1843 3465 1870 3519 sl.
1896 3467 1915 3518 l.
1935 3467 2052 3522 Accedant

1245 3543 1299 3610 iam
1317 3541 1457 3610 Nasututt,
1477 3547 1637 3614 praeprimis
1655 3546 1914 3616 impudentissimus
1930 3552 1973 3605 ills
1991 3547 2052 3604 ills·
2079 3541 2103 3582 ⁸⁸

1246 3645 1369 3692 mannus,
1388 3640 1414 3681 et
1430 3629 1587 3695 ostendant,
1606 3631 1706 3698 justum
1724 3631 1914 3688 iustiniaocm
1939 3644 2049 3689 nostrum

1244 3711 1311 3764 mire
1320 3712 1458 3776 stolidum,
1471 3723 1498 3766 et
1512 3715 1584 3767 lento
1594 3731 1673 3783 quam
1687 3715 1863 3772 simillimum
1881 3720 1957 3774 asino
1967 3712 2049 3772 inisse!

1244 3795 1283 3846 uti
1303 3795 1365 3846 haec
1383 3795 1460 3850 babet
1478 3797 1562 3849 dictos
1580 3798 1625 3850 ille
1645 3799 1816 3853 sttemansus
1840 3821 1869 3857 n.
1889 3813 1933 3855 ts.
1949 3802 1991 3857 sed
2005 3797 2051 3855 elc-

1243 3889 1334 3948 gantet·
1354 3880 1482 3934 refutatos
1501 3883 1534 3934 ab
1551 3882 1673 3946 Eieholio
1691 3883 1730 3936 cd
1747 3885 1773 3936 sl.
1792 3904 1819 3939 n.
1839 3906 1867 3953 p.
1885 3905 1921 3940 nr.
1948 3899 2004 3940 ιιι.
2025 3894 2049 3940 cl

1243 3977 1315 4032 seqq.
1333 3961 1427 4014 Nonne
1438 3979 1470 4015 ea
1482 3964 1600 4040 allegatis
1612 3967 1773 4020 cauturium
1786 3971 1882 4038 patet?
1895 3971 1987 4026 Nouem
2000 3971 2050 4022 cui·

1244 4045 1283 4095 ris
1300 4045 1473 4112 antiquitates
1484 4043 1646 4116 'inspicienti
1665 4048 1755 4102 dicere
1772 4051 1884 4120 licebit,
1899 4054 2052 4108 calumnien-

1244 4127 1272 4178 di
1289 4127 1380 4179 auimo
1396 4128 1539 4197 scriptores
1558 4132 1699 4183 nonnullos
1717 4133 1895 4192 illiteratorae
1905 4141 2049 4208 imperator.

1245 4221 1364 4264 nostrum
1381 4211 1535 4264 accusasse?
1552 4214 1628 4266 loris
1643 4217 1759 4270 textibus
1772 4220 1888 4290 iusuper
1898 4222 2046 4276 sententiam
2076 4209 2099 4256 ³¹

1247 4305 1361 4348 nostram
1382 4295 1518 4366 probatam
1539 4296 1667 4351 iacientes
1684 4304 1704 4361 §.
1727 4311 1750 4353 t.
1775 4303 1803 4370 in
1820 4303 1891 4372 fine
1912 4322 1953 4374 pr.
1979 4325 2002 4360 c·
2024 4303 2052 4358 tls

1246 4389 1297 4432 oet·
1305 4379 1367 4449 jore
1378 4379 1547 4433 enrsclecnslo
1566 4379 1612 4432 ubi
1632 4381 1774 4452 imperator
1792 4385 1833 4439 sie
1852 4387 1938 4456 dicit,
1952 4407 1978 4443 se
1988 4407 2049 4442 sesn-

1246 4481 1294 4534 per
1318 4463 1496 4532 investigando
1514 4474 1541 4516 ιι
1558 4467 1762 4534 perscrutando,
1792 4471 1924 4542 quiequid
1949 4473 2051 4526 dubium

1245 4558 1273 4602 et
1290 4549 1420 4600 incertum
1440 4549 1469 4600 in
1487 4550 1675 4618 compositione
1687 4553 1849 4623 digestorum
1864 4560 2049 4622 inveniebatur,

1247 4645 1316 4688 recte
1328 4635 1496 4697 emendasse,
1508 4645 1535 4688 et
1548 4637 1781 4708 incompetentem
1796 4641 1912 4698 iorroam
1921 4644 2052 4712 redegisse.

1246 4717 1324 4772 cont.
1342 4735 1408 4772 nov.
1429 4731 1453 4770 s.
1478 4719 1506 4770 in
1529 4720 1653 4790 praesul.
1677 4722 1705 4774 in
1733 4725 1850 4780 medium
1878 4727 2051 4798 producimus·

1245 4803 1372 4871 Quamvis
1390 4811 1476 4855 sotem
1495 4805 1583 4872 priori
1600 4805 1683 4860 textui
1703 4807 1747 4860 dd.
1759 4823 1954 4880 seoppooant,
1967 4811 2048 4863 diseo
2076 4789 2099 4836 ⁸²

1245 4900 1297 4952 tes,
1316 4885 1501 4940 firmissimum
1516 4888 1581 4938 inde
1593 4899 1778 4958 argttmentum
1790 4893 1888 4947 deduci
1904 4913 1955 4950 noo
1970 4911 2047 4966 posse,

1244 4989 1302 5024 com
1322 4972 1350 5023 in
1368 4973 1493 5025 erunibus
1510 4971 1616 5036 edictis,
1637 4973 1780 5041 muradutis,
1800 4979 1941 5050 rescriptis
1959 4977 2047 5049 etpri-

1242 5059 1346 5126 rilegiis
1369 5059 1404 5110 ad
1428 5057 1593 5110 subditorum
1621 5061 1765 5114 utilitatem
1790 5073 1818 5116 et
1841 5067 2047 5120 incolumitatem

1240 5143 1371 5198 concessis
1390 5143 1456 5196 hatte
1479 5144 1620 5196 clausulam
1645 5145 1722 5198 etiam
1754 5148 1893 5204 modernis
1919 5151 2045 5212 moribus,

1241 5246 1301 5280 cum
1320 5239 1406 5282 tamen
1424 5228 1550 5298 princeps
1569 5229 1625 5298 ipse
1645 5231 1792 5284 mandatum
1811 5244 1855 5289 aut
1879 5235 2043 5304 privilegium

378 5324 420 5366 ter
439 5314 599 5385 proiecisse,
620 5313 719 5365 nullum
738 5313 848 5368 «lisbium
867 5325 920 5380 est,
939 5315 999 5368 etsi
1013 5315 1087 5369 omni
1101 5325 1189 5368 aucto·
1244 5329 1276 5364 ne
1294 5311 1378 5364 oculis
1394 5315 1503 5383 quidem
1522 5313 1632 5377 viderit,
1649 5315 1714 5382 quid
1732 5316 1833 5382 dicam,
1853 5317 1950 5385 legerit
1966 5339 1996 5372 ec
2014 5331 2049 5367 ιι·

377 5399 460 5454 ritate
478 5399 621 5451 destitutos
639 5397 688 5448 hoc
706 5403 878 5471 comprobare
894 5418 947 5454 non
973 5417 1090 5472 possetis,
1109 5416 1141 5452 ea
1160 5417 1191 5452 eo
1243 5397 1409 5466 cognouerit?
1426 5401 1560 5452 obsecrari
1590 5401 1738 5462 sistuanus
1756 5401 1874 5471 adeoque
1888 5404 1987 5455 nullum
2005 5401 2048 5451 dtt·

377 5491 466 5536 umen
485 5481 587 5534 abunde
606 5482 734 5551 liqueret,
752 5487 822 5556 quod
844 5504 895 5540 non
914 5485 1006 5538 saltem
1027 5486 1060 5539 de
1073 5486 1191 5540 incerna-
1245 5487 1317 5538 bium
1336 5503 1406 5550 esse,
1436 5503 1493 5537 eam
1513 5493 1540 5536 et
1565 5495 1626 5536 tunc
1652 5486 1793 5554 temporis,
1817 5504 1880 5539 cum
1908 5489 2046 5556 imperator

309 5599 340 5645 ,ἦ
380 5568 452 5620 tione
472 5567 572 5620 Christi
593 5567 674 5622 libros
692 5572 817 5640 qttosdam
838 5571 979 5641 scripserit
1002 5585 1031 5622 uc
1057 5570 1187 5634 ediderit,
1245 5571 1388 5630 Justiuian.
1408 5568 1473 5622 torte
1496 5579 1523 5622 et
1547 5567 1608 5620 eliis
1631 5570 1742 5637 negotiis
1764 5579 1926 5640 occupatus,
1952 5573 1979 5622 io
2005 5582 2048 5620 ιιι

315 5647 317 5654 '
379 5663 408 5707 ιιι
425 5651 507 5706 reiert
526 5653 627 5708 Platiae
645 5654 674 5710 iu
690 5655 760 5712 libro
780 5655 813 5714 sle
833 5655 892 5714 ritis
913 5655 1077 5730 pctstficom
1103 5677 1198 5716 mma·
1235 5661 1324 5717 inisse·
1344 5659 1461 5724 Vettius,
1486 5655 1546 5728 ιιίι
1573 5661 1628 5706 Μ
1652 5655 1834 5727 ίιιιιῦιιῑιιι
1865 5653 1952 5728 (ιιιῑ
1974 5651 2046 5712 llll*
2076 5643 2099 5690 ⁸⁸
