4338 6240
206 311 258 372 lsi
677 310 725 363 DE
744 309 980 370 CUlilOSlTATli
999 314 1104 370 clncll
1127 313 1240 372 tems
1258 330 1318 373 erc.
1728 313 1781 374 loll

156 409 249 470 illem,
266 423 343 476 qnam
364 419 441 474 aupes
461 401 611 468 docuimus,
625 403 793 471 aequitatem,
808 405 848 456 rel
859 423 970 457 mercem
1025 408 1072 460 lrsc
1089 409 1147 462 dela
1167 410 1333 464 diversitatis
1351 409 1470 476 rollone,
1487 412 1555 482 qnod
1575 409 1603 465 ln
1621 425 1710 468 mnino
1724 415 1843 469 solunte-

154 493 283 552 relinere,
302 491 339 544 rel
359 490 391 542 ιιι
411 488 551 540 minimum
572 487 687 555 pretinm
709 498 828 558 repetere
846 493 953 558 polerit.
1025 495 1079 558 rie,
1094 495 1122 545 iu
1142 497 1273 564 emptione
1293 494 1445 548 venditione
1463 513 1524 550 vero
1544 501 1693 552 mensurio
1705 512 1728 553 et
1741 501 1764 550 ιι
1785 517 1844 554 nln-

88 607 118 650 ,ο
192 575 276 628 sele
293 591 420 644 persone,
439 574 508 641 equod
528 571 665 622 alienandi
684 582 841 640 potestatem
864 573 974 639 hubent,
1025 587 1123 629 lrsclos
1136 580 1244 646 pecunie
1265 578 1384 631 soluetur.
1397 579 1474 634 Conl.
1495 583 1597 634 Marios
1615 581 1718 636 Giurba
1732 584 1760 636 ιἰι
1773 584 1846 638 deci·

152 661 271 727 emptori
290 670 401 722 constet,
421 673 485 708 nuno
504 655 655 706 sdisiieude
676 655 728 725 ipai
749 654 820 706 teuit
833 657 971 710 undositas
1023 660 1121 713 sinnii.
1135 661 1284 714 Novissim.
1297 663 1351 716 dec.
1368 673 1408 715 ιι.
1421 681 1446 714 ιι.
1463 674 1503 715 ιι.

152 745 224 796 circa
242 759 319 806 rem,
337 758 405 811 qnae
424 743 452 791 in
471 749 634 793 contractum
655 740 763 794 deducta
788 751 837 794 est.
862 741 975 813 Saepius
1060 743 1219 812 Progredior
1236 746 1269 797 all
1290 745 1454 796 societatem:
1476 745 1504 796 in
1524 744 1572 798 bac
1590 745 1684 814 primo
1702 747 1844 802 curiositas
1882 763 1914 804 st

153 827 228 880 enim
248 843 289 879 res
308 825 429 878 rendilae
449 823 514 876 silio
539 821 652 891 quodam
678 824 813 887 laborent,
839 824 908 893 quoti
934 827 974 878 rel
1028 824 1178 879 adbitenda
1199 827 1251 878 erit
1270 827 1320 889 iis,
1337 831 1382 894 qui
1402 841 1462 878 curn
1481 827 1542 878 aliis
1561 828 1713 880 societatem
1734 831 1843 897 ineoul,

152 911 269 965 dominii
289 911 505 970 trunsialionem,
521 910 562 961 rel
575 924 664 960 esrum
684 925 758 960 usum
781 907 904 978 impellit.
922 909 974 961 Do·
1024 909 1056 961 ali
1070 911 1127 972 boc,
1146 921 1175 963 ut
1195 927 1279 962 tuores
1297 920 1320 962 el
1340 909 1521 964 conditionem
1536 911 1603 978 ejus,
1616 931 1727 982 quocum
1742 917 1846 982 inettul,

154 999 237 1052 minii
252 995 451 1048 lrsnslalionem
466 991 579 1062 impedit
589 993 683 1044 vilium
698 990 772 1055 lorli,
783 992 852 1061 quod
868 994 905 1046 rei
920 994 974 1046 lor·
1027 1003 1196 1062 cognoscunt.
1215 995 1271 1043 lloc
1290 992 1361 1044 enim
1380 995 1404 1044 si
1430 1011 1483 1046 non
1510 992 1641 1059 iecerint,
1665 1009 1689 1050 et
1709 999 1739 1048 in
1766 1001 1846 1052 lolem

153 1084 223 1138 lirae
241 1081 305 1134 adeo
322 1079 442 1132 inhaeret
459 1112 467 1142 ,
482 1089 510 1130 nl
529 1075 620 1130 eudem
640 1074 746 1144 usucapi
767 1093 819 1129 oon
839 1081 972 1146 possiti
1024 1078 1143 1141 socium,
1160 1077 1207 1145 qui
1226 1077 1358 1130 societatis
1377 1078 1524 1130 commodis
1535 1096 1628 1149 parum
1643 1079 1781 1148 invigilet,
1801 1082 1845 1134 in·

155 1176 181 1218 ι.
201 1171 269 1220 lost.
280 1167 313 1217 de
331 1179 441 1225 usucap.
459 1171 483 1212 et
501 1159 580 1228 longi
596 1171 675 1226 lentp·
689 1175 792 1228 praesc.
819 1160 865 1212 sed
888 1163 973 1218 dorni·
1026 1159 1155 1224 ciderinl,
1168 1160 1219 1212 silsl
1239 1161 1389 1228 impulere,
1409 1169 1437 1212 el
1455 1160 1487 1212 de
1505 1177 1534 1213 ae
1546 1165 1621 1231 queri
1636 1163 1778 1218 debebunt.
1791 1165 1844 1219 rid.

153 1267 190 1301 no
209 1265 315 1318 semper
333 1247 415 1299 libers
435 1245 471 1297 sit
495 1250 553 1310 ejus
579 1245 615 1296 rei
638 1244 672 1294 ab
695 1253 815 1311 emptore
839 1246 973 1314 repetitio.
1026 1251 1048 1306 ι.
1055 1241 1113 1312 fin.
1133 1245 1157 1295 I.
1174 1243 1207 1298 tle
1223 1243 1346 1296 socielnt.
1366 1255 1391 1296 el
1408 1243 1427 1296 l.
1448 1255 1488 1296 lt.
1498 1245 1538 1315 st.
1555 1263 1606 1318 pro
1625 1247 1709 1302 socio.
1737 1249 1843 1302 Deinde
1882 1281 1912 1320 Η

153 1327 246 1399 licque
265 1331 309 1382 tle
327 1329 409 1399 prelii
429 1325 619 1380 restitutionem
639 1324 789 1378 desiderare
808 1329 906 1396 polerit
919 1345 973 1380 em·
1024 1325 1097 1378 utilis
1116 1326 1142 1378 in
1163 1325 1212 1378 boc
1229 1337 1366 1380 cottlrsoln
1383 1344 1486 1398 quoque
1504 1347 1561 1382 esse
1579 1331 1680 1400 polerit
1705 1335 1847 1386 curiositas

158 1426 216 1486 plor
226 1449 235 1478 ,
253 1429 313 1464 eum
333 1428 394 1464 suae
412 1412 504 1482 culpae
524 1411 655 1478 imputare
666 1406 775 1474 debeat,
789 1410 858 1477 quod
872 1411 973 1464 caulius
1024 1409 1059 1474 ei,
1078 1427 1137 1461 curn
1155 1427 1206 1478 quo
1223 1410 1355 1462 sociorum
1373 1411 1441 1463 aller
1458 1411 1570 1482 proprio
1587 1413 1702 1478 stomiue,
1723 1414 1792 1466 nulla
1807 1416 1846 1469 ia-

155 1515 209 1553 non
229 1497 312 1551 inerit
330 1505 460 1548 mercatus
478 1495 496 1546 l.
514 1493 650 1548 incivilem
670 1504 695 1544 ι.
713 1509 736 1545 c.
753 1491 892 1559 desertis.
919 1494 972 1546 nisi
1024 1501 1065 1544 cle
1085 1493 1220 1546 socielolis
1238 1496 1387 1558 mentione,
1406 1497 1548 1546 contraxit.
1561 1495 1697 1548 llicenint
1716 1495 1842 1551 aduersos

152 1583 194 1634 rel
212 1600 226 1631 s
246 1580 394 1632 latronibus
411 1597 442 1632 ea
461 1587 548 1632 ntenle
566 1578 771 1647 compresserit,
797 1588 826 1630 ul
850 1595 906 1631 eam
926 1578 973 1632 do·
1025 1577 1141 1648 reliquos
1153 1579 1235 1630 socios
1248 1579 1347 1630 nullam
1361 1578 1440 1632 isabel
1452 1579 1581 1632 actionem
1597 1596 1656 1630 cnm
1670 1581 1769 1632 socium
1790 1597 1844 1633 nott

158 1665 234 1718 mino
259 1663 395 1728 redderet,
422 1681 479 1732 erg.
506 1665 524 1716 l.
551 1675 575 1714 ι.
594 1659 636 1730 ff.
655 1661 689 1715 sie
705 1661 828 1729 captiuis.
846 1661 914 1715 conl.
941 1663 973 1716 ad
1028 1671 1056 1713 nt
1068 1663 1167 1715 socium
1182 1664 1338 1735 respexerit,
1350 1663 1395 1715 sesi
1408 1663 1493 1729 illios,
1507 1681 1559 1717 non
1573 1682 1634 1718 sero
1657 1667 1791 1720 societatis
1810 1663 1844 1718 li·

153 1767 212 1804 cam
231 1745 358 1801 Golllolr.
376 1749 417 1800 rel
437 1747 521 1817 prelio
543 1747 689 1799 utilitatem
708 1744 810 1797 domini
831 1759 973 1814 promotam
1024 1746 1084 1799 dem
1098 1759 1199 1800 secutos
1211 1749 1255 1800 sit.
1269 1749 1344 1816 leod
1359 1749 1381 1800 si
1396 1765 1457 1802 sero
1468 1749 1587 1802 curiosus
1602 1747 1696 1816 luerit,
1713 1761 1741 1803 et
1767 1767 1845 1821 pecu·

153 1849 210 1886 esse
228 1831 338 1901 probnre
357 1832 449 1902 possit.
469 1831 532 1886 viil.
551 1831 569 1884 l.
597 1843 637 1884 tt.
662 1847 686 1884 c.
709 1829 741 1883 tie
763 1845 872 1900 procur.
897 1829 973 1884 conl.
1024 1830 1103 1894 nium,
1112 1847 1189 1899 quarn
1201 1833 1264 1884 alter
1277 1831 1407 1884 sociorum
1419 1833 1529 1900 proprio
1538 1834 1646 1885 nomine
1656 1835 1688 1884 ab
1700 1833 1759 1904 ipso
1770 1853 1843 1888 eccc-

155 1916 280 1971 (iolilolr.
292 1917 331 1969 cti
347 1917 393 1972 oli.
413 1917 431 1968 l.
451 1927 476 1966 t.
496 1934 519 1968 c.
535 1913 676 1982 desertis.
1022 1912 1281 1981 pil,incommunern
1295 1914 1523 1968 societatisarcnm
1537 1915 1637 1968 illatam
1650 1931 1706 1968 esse
1717 1933 1845 1986 cognore-

191 2001 235 2054 Ob
253 2001 337 2066 silla,
354 2017 421 2068 quae
438 1999 477 2052 rei
496 1998 590 2052 usilsns
614 1999 733 2063 obstant,
756 1997 834 2051 datur
854 1999 920 2053 alias
942 2015 975 2051 ex
1025 1997 1077 2059 rit,
1092 1997 1210 2067 illudque
1223 1997 1333 2068 probare
1345 1997 1421 2060 reiil,
1440 1995 1564 2052 adsersus
1577 2014 1669 2050 omnes
1684 1999 1769 2050 socios
1782 1997 1843 2050 inn-

155 2083 274 2140 aedilitio
299 2086 387 2140 edicto
404 2085 473 2138 solio
490 2084 666 2137 redhibitoria
685 2097 734 2154 per
751 2084 769 2135 l.
790 2096 813 2136 t.
822 2081 865 2151 ff.
882 2085 917 2136 de
929 2101 974 2136 ne·
1026 2081 1110 2133 datam
1132 2081 1238 2134 babebit
1256 2081 1394 2132 actionem·
1413 2079 1467 2134 titi.
1485 2079 1531 2132 lin.
1550 2080 1670 2133 Lunlerb.
1688 2079 1718 2133 in
1733 2081 1798 2150 disp.
1813 2081 1847 2133 tle

154 2169 223 2223 ditet.
242 2169 318 2223 edict.
341 2168 392 2222 secl
413 2169 462 2221 lton
478 2177 555 2230 lunc,
574 2169 597 2222 ti
616 2169 719 2221 occulta
744 2167 800 2220 sint
818 2178 846 2220 et
864 2167 893 2219 in
912 2184 971 2219 sen·
1024 2165 1174 2218 sociorum.
1194 2164 1310 2235 obliget.
1327 2182 1352 2217 c·
1374 2176 1398 2216 ι.
1416 2165 1454 2215 lt.
1476 2174 1518 2218 tt.
1536 2172 1563 2216 et
1581 2173 1623 2216 tt.

152 2265 198 2304 rus
216 2271 268 2306 non
299 2251 474 2317 incurrentiag
497 2269 557 2305 natn
583 2250 604 2304 si
636 2250 719 2302 rideri
742 2250 864 2321 possint,
890 2261 912 2303 el
938 2251 971 2303 sb
1062 2251 1185 2303 Vidimus
1205 2251 1336 2319 bucusque
1355 2258 1514 2314 contractors
1533 2248 1638 2301 ordinis
1656 2247 1725 2302 relic
1743 2249 1843 2320 poscit,
1881 2271 1913 2314 gg

152 2334 205 2388 alio
224 2335 307 2404 magis
323 2335 444 2402 diligenti
458 2335 595 2388 curlosnre
607 2343 726 2401 emptore
739 2333 817 2387 lacile
829 2335 974 2404 depreben-
1022 2341 1062 2397 nl,
1081 2335 1186 2402 quando
1204 2337 1274 2386 circs
1294 2331 1391 2386 modos
1408 2331 1526 2385 soluendi
1545 2331 1734 2400 obligationem
1759 2333 1844 2386 curio·
1910 2321 1916 2332 ¹

151 2417 196 2484 tii,
216 2418 407 2472 redhibitoriae
423 2419 523 2472 uclioni
541 2419 581 2472 rel
600 2418 751 2489 exceptioni
773 2419 844 2470 locos
857 2435 910 2471 non
922 2419 973 2472 erit
1024 2415 1090 2466 silas
1108 2415 1257 2469 ttemsmriu
1276 2415 1313 2468 sit
1332 2432 1381 2468 nec
1399 2431 1448 2480 ne,
1466 2415 1582 2470 breviter
1595 2432 1767 2486 exponemus.
1781 2417 1844 2470 Pri·

152 2500 171 2553 i.
194 2513 217 2552 ι.
235 2508 257 2564 ς.
277 2515 302 2555 s.
320 2511 348 2554 el
365 2502 384 2553 l.
406 2510 444 2554 ιι.
463 2499 553 2573 §.fise
563 2498 604 2570 ffi
623 2502 649 2554 d.
667 2504 707 2557 lie.
726 2502 779 2554 aid.
798 2503 868 2554 Mea.
891 2521 919 2571 p.
945 2513 970 2555 l.
1023 2511 1081 2548 snut
1099 2508 1189 2551 autem
1208 2497 1300 2552 modus
1318 2499 1506 2568 obligationem
1527 2497 1643 2552 solvendi
1667 2509 1709 2552 est
1732 2501 1842 2568 solutio,

153 2583 181 2636 d.
200 2594 242 2636 ιι.
262 2583 335 2656 peria
353 2585 425 2638 enim
446 2584 509 2638 llaec
527 2595 617 2639 censet
637 2585 850 2655 jurisprudentia
868 2595 968 2650 nostra,
1022 2583 1101 2648 llaec,
1120 2593 1147 2637 ul
1164 2581 1285 2638 ellectum
1305 2601 1380 2637 sunm
1400 2585 1512 2650 babeat,
1525 2595 1553 2638 et
1565 2585 1597 2637 ab
1609 2584 1770 2653 obligatione
1789 2587 1844 2638 sol·

151 2668 223 2722 scire
240 2680 265 2722 el
284 2669 362 2722 lacile
380 2669 450 2722 scire
460 2685 545 2738 posse.
562 2670 581 2721 l.
595 2687 658 2740 pen.
666 2665 709 2737 ff
720 2669 758 2722 cd
768 2677 815 2722 sct.
829 2671 971 2724 macedon.
1022 2677 1126 2718 sentem
1147 2667 1254 2732 liberet,
1274 2667 1300 2721 ei
1318 2664 1378 2722 lieri
1399 2667 1555 2744 debel„cui
1572 2666 1760 2737 obligationem
1788 2669 1844 2724 ‹lis-

151 2751 208 2806 liec
225 2753 274 2806 lroc
290 2769 350 2808 caso
368 2755 422 2807 olla
435 2751 582 2808 rendilorla
596 2755 744 2806 necessaria
757 2763 798 2806 est
815 2753 970 2820 admonitio,
1023 2751 1147 2803 trahendi
1165 2751 1270 2806 licentia
1289 2763 1336 2806 esl.
1357 2751 1433 2806 Zoea.
1454 2752 1538 2821 orlffi
1555 2753 1597 2805 lit.
1615 2751 1647 2806 de
1664 2753 1745 2806 solut.
1764 2765 1790 2806 et
1808 2754 1842 2808 li·

151 2843 213 2888 curn
233 2835 460 2890 demonstratione
477 2837 517 2891 rel
535 2835 716 2890 admonitione
741 2838 893 2907 nollaopus
919 2838 970 2905 sit,
1021 2833 1106 2886 derat.
1125 2853 1153 2887 ιι.
1172 2849 1196 2888 ι.
1214 2836 1281 2890 llum
1302 2835 1323 2890 si
1343 2835 1409 2900 alii,
1438 2837 1481 2888 cul
1508 2839 1571 2889 haec
1596 2844 1711 2906 poteslas
1731 2836 1760 2888 in
1787 2839 1845 2905 inre

149 2921 180 2973 in
199 2921 278 2974 relius
296 2923 326 2974 in
342 2922 446 2974 oculum
465 2921 674 2975 incurrentibus.
692 2925 755 2976 iura
775 2921 873 2994 quippe
898 2923 965 2993 rigi·
1022 2916 1145 2988 adempta
1164 2927 1218 2986 erl,
1239 2937 1262 2972 e.
1282 2937 1306 2990 g.
1325 2919 1349 2971 si
1368 2919 1490 2990 pupillo,
1508 2919 1532 2973 si
1551 2919 1668 2988 lurioao,
1688 2920 1710 2972 ti
1730 2921 1843 2992 prodigo

150 3007 289 3072 lantibus,
307 3023 359 3060 non
379 3023 441 3061 tero
458 3004 651 3074 negligentibus
670 3006 771 3076 scripta
790 3015 860 3069 sont,
879 3005 932 3057 aid.
950 3007 969 3057 l.
1023 3001 1153 3068 miratur,
1171 3001 1258 3057 adbuc
1277 3003 1410 3074 obligatos
1427 3013 1517 3057 manet
1534 3004 1649 3071 debitor,
1667 3012 1696 3057 el
1712 3004 1745 3055 ad
1763 3005 1843 3058 ileru-

148 3091 272 3162 pupillns
292 3101 334 3143 ιι.
343 3088 384 3160 ff
402 3109 474 3162 pune
492 3089 519 3142 in
527 3086 632 3157 scauri.
643 3087 768 3143 creditor.
788 3097 815 3141 el
834 3087 887 3140 sibi
915 3089 968 3140 irn-
1024 3093 1077 3136 lem
1096 3087 1253 3142 mintionem
1273 3089 1331 3158 cogi
1350 3099 1450 3161 polest;
1469 3087 1538 3159 quod
1562 3097 1649 3142 lernen
1661 3089 1804 3156 limitatur,
1817 3091 1841 3146 si
1881 3124 1912 3166 ὅ,

148 3185 242 3247 putare
259 3173 337 3229 debet
352 3184 471 3244 emptor,
490 3188 615 3242 suamque
632 3185 751 3224 accusare
770 3169 968 3239 negligentiam,
1021 3171 1140 3224 curiosus
1158 3171 1255 3238 luerit,
1274 3185 1301 3228 et
1312 3175 1450 3245 pecuniam
1465 3176 1576 3228 solotsm
1587 3193 1601 3226 a
1613 3175 1718 3246 pupillo
1731 3212 1738 3241 ,
1752 3173 1839 3227 lurio-

149 3259 219 3332 qnod
238 3275 295 3312 rem
314 3257 474 3327 diligentior
492 3273 545 3314 non
565 3255 720 3325 inspexerit.
735 3251 807 3304 lllnc
826 3252 969 3306 silanioni
1022 3270 1050 3307 so
1069 3257 1108 3308 rel
1128 3255 1237 3327 prodigo
1255 3259 1359 3312 utiliter
1376 3275 1536 3328 emensam,
1561 3272 1587 3315 el
1611 3259 1640 3310 in
1665 3275 1721 3312 rem
1748 3275 1841 3312 eorum

150 3359 246 3417 porcam
263 3340 385 3399 venditus
403 3343 440 3394 sit
457 3337 633 3411 grandinibus
649 3337 787 3400 loborans,
806 3335 856 3388 dor
869 3335 968 3404 finnen
1022 3355 1123 3394 tersum
1142 3345 1295 3408 resciretile
1314 3345 1353 3398 sic
1371 3345 1444 3397 enim
1466 3344 1568 3398 tenebit
1582 3345 1687 3398 solutio.
1707 3343 1725 3395 l.
1745 3354 1786 3396 ιι.
1795 3343 1840 3413 ff.

151 3427 217 3493 Ιιιιι,
236 3425 332 3481 actioni
349 3424 540 3479 redhibitoriae
560 3423 646 3474 nullus
659 3420 825 3490 relinquitur
837 3420 917 3486 locusq
930 3421 968 3474 is·
1021 3423 1054 3478 de
1070 3426 1151 3477 solut.
1170 3435 1197 3480 el
1214 3427 1321 3482 liberal.
1341 3426 1372 3482 B.
1392 3428 1437 3480 dn·
1457 3427 1602 3482 Brunnetn.
1626 3429 1655 3482 ill
1679 3441 1782 3500 quaest.
1802 3429 1841 3484 od

148 3513 201 3565 cile
220 3511 294 3563 enim
323 3510 443 3562 morbum
469 3508 576 3561 islilustc
599 3523 647 3578 per
668 3503 860 3574 inspectionem
888 3505 970 3576 paleli
1021 3508 1151 3562 Weseub.
1169 3509 1195 3561 d.
1213 3521 1233 3561 ι.
1252 3531 1298 3582 qn.
1318 3524 1342 3565 t.

149 3610 177 3653 el
193 3599 301 3668 linguae
317 3594 471 3665 dignoscere
489 3592 585 3664 polerit
602 3589 710 3646 artilex.
732 3590 824 3661 Csrpt.
840 3609 870 3660 p.
897 3601 921 3644 t.
946 3609 969 3644 c.
1057 3594 1139 3646 Porro
1156 3595 1282 3664 obligatio
1307 3595 1418 3652 solrilnr
1443 3597 1624 3668 delegatione,
1649 3599 1753 3670 qnando
1778 3601 1836 3654 scil.
1876 3629 1907 3670 ,0

151 3691 195 3736 ιι.
215 3679 240 3732 tl.
263 3689 304 3733 tl.
322 3680 391 3732 liler-
411 3675 449 3733 eti
459 3676 509 3746 jur
526 3675 611 3728 luber.
628 3674 644 3725 l.
666 3685 690 3726 l.
708 3671 748 3724 lit.
769 3685 793 3724 ι.
811 3682 864 3726 ort.
879 3683 920 3725 lt.
939 3691 967 3725 rt.
1019 3672 1121 3730 debitor
1140 3676 1195 3732 rice
1218 3695 1264 3732 sue
1281 3679 1362 3732 alium
1382 3681 1549 3749 debitorem,
1567 3693 1594 3736 et
1611 3683 1736 3737 creditori
1751 3685 1835 3755 stipu-

150 3760 494 3826 t.1tixirerc,silanionl
511 3757 808 3813 renditussittnantri
827 3755 905 3822 alios,
923 3756 970 3826 qui
1019 3756 1081 3812 lenti
1100 3759 1259 3814 solutionem
1278 3763 1479 3834 promittentem
1499 3765 1553 3816 del.
1577 3764 1631 3820 rid.
1654 3765 1672 3814 Ι.
1699 3765 1832 3836 delegare.

148 3843 230 3913 hujus
247 3845 286 3898 rei
300 3843 423 3915 peritiam
437 3858 485 3895 nec
498 3842 640 3906 halrel,nec
651 3837 747 3893 babere
759 3836 849 3903 debet,
862 3848 967 3908 emptor
1022 3852 1062 3894 ιι.
1069 3840 1113 3910 ff.
1131 3843 1163 3896 tle
1181 3857 1277 3902 novor.
1296 3855 1322 3898 el
1339 3847 1452 3913 delegat.
1472 3849 1502 3899 ln
1524 3849 1571 3900 lrec
1591 3861 1642 3902 uon
1660 3847 1769 3916 exigua,
1789 3849 1831 3913 ei,

154 3929 296 3994 extiterit,
308 3925 379 3980 alind
392 3924 514 3980 auadelsit
530 3923 670 3994 aequitalis
686 3920 802 3975 ralio.B.
815 3921 969 3978 lnttsunn.
1017 3925 1059 3981 coi
1078 3927 1208 3998 delegulio
1225 3925 1272 3995 itt,
1292 3929 1425 3983 incumbit
1443 3929 1597 3993 curiositus,
1616 3938 1646 3981 ot
1664 3930 1760 3994 rideat,
1773 3951 1835 4001 qua·

152 4012 194 4066 arti
211 4012 230 4062 l.
251 4021 292 4066 ιι.
300 4011 343 4081 ff.
361 4012 395 4065 de
413 4009 516 4065 aedilis
535 4007 613 4064 edict.
632 4025 659 4058 tt.
679 4019 704 4060 t.
724 4005 801 4060 conl.
820 4008 867 4061 dn.
880 4009 967 4063 Prses.
1017 4011 1052 4064 iis
1070 4011 1116 4065 ille
1133 4013 1183 4076 sit,
1200 4015 1246 4083 qni
1265 4014 1353 4067 eidem
1371 4013 1523 4083 delegatur,
1541 4031 1575 4066 an
1594 4012 1660 4068 bona
1680 4014 1774 4068 bellent
1788 4032 1835 4068 so·

151 4103 233 4150 tract.
251 4095 285 4149 tle
297 4094 361 4165 itere
377 4109 450 4148 sens.
468 4092 536 4160 disp.
558 4102 581 4144 t.
598 4110 623 4146 c.
642 4102 666 4146 t.
685 4107 712 4143 ιι.
732 4100 772 4142 ιι.
793 4099 837 4144 ll.
1016 4096 1110 4150 lolioni
1129 4095 1295 4162 anllrcentia,
1315 4109 1340 4153 el
1355 4116 1387 4151 an
1408 4098 1442 4150 ab
1468 4099 1527 4168 ipso
1552 4098 1690 4152 commode
1713 4099 1833 4154 debitum

188 4177 309 4234 Pericula
327 4179 477 4249 emptione,
502 4175 657 4230 venditione
680 4183 710 4227 el
726 4175 812 4228 soluto
835 4174 968 4230 venditori
1016 4198 1091 4236 anum
1110 4181 1236 4252 consequi
1257 4182 1349 4252 possit.
1368 4183 1399 4234 ln
1420 4183 1468 4236 lloc
1487 4183 1576 4247 enirn,
1599 4183 1624 4236 ai
1647 4196 1707 4237 ante
1731 4181 1834 4253 delego.
1872 4213 1901 4254 Μ

151 4262 256 4336 prelio,
273 4261 345 4316 nillil
357 4260 487 4332 emptoris
501 4259 869 4328 reierl,quorsumrerlatur,
883 4275 967 4328 neque
1018 4265 1118 4318 tionem
1137 4265 1190 4318 sibi
1209 4283 1262 4318 non
1281 4267 1465 4336 prospexerit,
1483 4265 1590 4318 etiamsi
1610 4277 1697 4336 postea
1723 4287 1739 4321 ι
1764 4269 1837 4321 dele.

149 4346 181 4400 ιιι
198 4347 250 4402 boc
266 4346 387 4402 curiosus
405 4361 462 4398 esse
478 4353 593 4397 tenetur.
607 4343 678 4407 lnto,
694 4341 798 4396 etiamsi
809 4341 887 4407 sciat,
900 4359 964 4396 ren·
1018 4355 1077 4415 gslo
1094 4346 1213 4400 debitum
1232 4348 1338 4416 exigere
1355 4359 1482 4418 nequeat,
1495 4349 1595 4402 nullum
1613 4357 1698 4402 lemen
1711 4348 1835 4404 adsersus

149 4429 267 4484 dilorem
286 4429 379 4482 stalinr
398 4438 614 4497 consumpturum
640 4425 796 4496 peoumam,
823 4434 911 4478 tamen
937 4426 967 4478 in
1016 4429 1181 4499 delegantem
1200 4431 1337 4486 instituere
1356 4433 1453 4502 polerit
1471 4447 1635 4500 regressum,
1653 4450 1713 4486 com
1732 4433 1839 4505 perde·

147 4515 218 4568 ιιοιιι
236 4512 293 4568 fide
307 4514 376 4577 erit,
395 4511 450 4564 nisi
468 4512 573 4582 plenea
586 4509 723 4564 luxurioso
738 4517 765 4561 et
776 4507 884 4580 potinus
896 4525 967 4562 scor·
1018 4515 1176 4581 legationem
1196 4515 1309 4584 perinde
1328 4526 1355 4570 ut
1373 4532 1423 4588 per
1442 4517 1601 4570 solutionem
1621 4514 1695 4587 prior
1711 4516 1836 4584 obligatio

148 4607 179 4652 lo
196 4598 335 4669 pecuniam
353 4597 448 4650 daturo
464 4593 578 4659 emerite
597 4593 636 4646 sic
655 4596 728 4647 enim
745 4608 887 4664 usucapere
899 4591 968 4645 baud
1020 4599 1137 4652 tolletur.
1156 4599 1174 4650 l.
1194 4612 1218 4652 s.
1237 4597 1261 4671 5.
1281 4611 1305 4654 t.
1315 4599 1358 4669 ff.
1376 4601 1414 4654 nd
1430 4611 1478 4654 ccl.
1498 4601 1586 4670 cellej.
1606 4599 1699 4671 Carpz.
1716 4621 1741 4668 p.
1762 4610 1786 4654 ι.
1811 4618 1835 4654 c.

152 4683 253 4754 poterit
270 4682 289 4732 l.
310 4693 333 4734 l.
343 4679 384 4751 ff
400 4695 452 4746 pro
473 4690 600 4750 emptore.
619 4676 689 4729 lllod
708 4687 796 4730 tamen
813 4676 908 4746 quaeri
926 4693 968 4728 so·
1021 4691 1063 4734 ts.
1082 4679 1174 4751 tifirt.
1193 4694 1218 4737 el
1237 4683 1290 4737 sibi
1309 4685 1442 4755 impulere
1459 4684 1550 4739 debent
1566 4684 1699 4752 creditor,
1715 4685 1786 4756 qnod
1799 4695 1837 4738 ls-

149 4765 205 4830 lel;
224 4765 247 4817 si
266 4765 359 4818 ciuitas
377 4765 417 4816 sel
435 4763 519 4829 nlius,
540 4761 573 4814 ad
593 4778 671 4832 qoem
701 4757 859 4814 beneficium
886 4761 904 4812 l.
929 4759 969 4813 ci·
1017 4764 1071 4818 lent
1090 4764 1236 4820 debitorem
1255 4770 1308 4820 sibi
1327 4769 1443 4838 delegari
1461 4786 1552 4839 passus
1571 4769 1653 4836 sil;l.
1668 4783 1692 4825 ι.
1706 4791 1728 4826 c.
1741 4771 1774 4826 de
1786 4789 1837 4826 ιιο-

148 4852 234 4906 uitam
253 4861 296 4904 tl.
305 4848 349 4920 ff.
366 4850 402 4904 tie
418 4850 473 4904 red.
491 4849 582 4904 credit.
597 4848 734 4919 pertinere
745 4863 826 4917 supra
839 4848 967 4915 diximus,
1019 4856 1072 4901 rot.
1092 4859 1118 4901 et
1136 4849 1249 4920 deleget.
1268 4851 1329 4907 Nisi
1349 4862 1436 4905 tamen
1456 4853 1604 4924 periculum
1622 4856 1741 4908 nominis
1758 4877 1772 4910 a
1791 4855 1836 4910 de·

148 4949 206 4988 rem
226 4951 299 4989 snam
317 4934 496 4998 vendiderint,
508 4933 605 4986 deinde
622 4947 683 4986 reto
694 4932 729 4985 ob
746 4931 889 4986 laesionem
906 4949 970 4986 con·
1018 4933 1123 5001 legante
1140 4933 1281 5004 stipulatus
1298 4939 1350 5004 sitq
1370 4947 1433 4988 tunc
1449 4939 1523 4990 enim
1536 4941 1671 5010 pecuniae,
1683 4959 1750 5012 qnae
1763 4961 1776 4994 a
1788 4941 1837 4996 de-

151 5029 192 5074 tra
211 5029 378 5074 conlrselom
399 5018 518 5072 resliluli
537 5017 612 5081 sint,
636 5033 668 5067 an
689 5015 737 5068 lroc
762 5033 823 5068 casu
846 5021 966 5086 emptor,
1019 5015 1102 5085 legato
1121 5007 1219 5070 serrari
1240 5037 1292 5072 nou
1310 5022 1412 5091 poluit,
1431 5023 1531 5092 erectio
1550 5026 1618 5078 solra
1636 5035 1687 5078 eet.
1709 5026 1729 5078 l.
1750 5024 1836 5100 tt.§.

151 5106 175 5158 ai
194 5108 312 5175 pretinm
325 5114 444 5175 repetere
455 5103 527 5165 relit,
541 5101 688 5154 tersionem
704 5099 733 5150 in
747 5100 890 5152 utilitatem
903 5104 968 5151 ren·
1021 5109 1045 5150 l.
1052 5095 1094 5167 ff
1113 5101 1245 5156 inundati.
1263 5103 1332 5174 quod
1351 5107 1465 5160 moleise
1482 5109 1539 5163 loco
1555 5109 1689 5163 obsermri
1709 5119 1804 5182 polest.

150 5189 241 5242 dentis
258 5187 372 5258 probare
389 5201 524 5240 neceslum
543 5179 657 5236 habenti
677 5177 871 5234 difirmalirem
892 5180 970 5233 mulli
1054 5182 1122 5235 illud
1141 5187 1287 5255 quaesitum
1308 5187 1375 5252 lule,
1393 5207 1426 5242 sn
1444 5187 1826 5262 creditor,cuisielegatiolil,
1870 5211 1902 5257 ea

148 5281 274 5341 tuentur,
292 5289 358 5344 quos
376 5271 466 5324 ridere
482 5271 547 5322 licet
564 5285 607 5338 ap.
625 5265 716 5336 Carpe.
729 5283 758 5336 p.
771 5276 796 5316 ι.
810 5283 831 5320 c.
847 5277 872 5320 ι.
884 5266 910 5318 tl.
924 5275 966 5318 ιο.
1019 5266 1155 5338 inquirere
1171 5289 1238 5341 opus
1256 5270 1366 5338 lrabeat,
1384 5289 1418 5326 ex
1434 5292 1547 5346 quanam
1573 5291 1649 5328 causa
1669 5278 1707 5328 rel
1727 5293 1759 5328 cs
1784 5295 1837 5348 quo

152 5375 180 5412 ιι.
203 5368 226 5411 ι.
243 5368 273 5412 el
290 5358 337 5410 dn.
354 5355 476 5410 Leuterb.
494 5355 524 5408 ιἰι
543 5353 613 5420 disp·
632 5349 671 5404 nd
684 5351 703 5401 l.
723 5349 830 5404 civiles·
845 5366 867 5403 c.
889 5362 913 5402 ι.
931 5349 967 5401 tlt.
1019 5361 1154 5406 contractu
1172 5353 1304 5422 delegetur
1323 5355 1431 5422 debeat,
1451 5368 1477 5410 et
1496 5376 1528 5410 an
1547 5358 1704 5428 exceptione
1721 5361 1836 5430 quadarn

155 5452 197 5496 tl.
211 5443 264 5496 Sed
284 5443 429 5511 negatisam
447 5439 620 5510 receptiorem
638 5450 711 5495 esse,
724 5445 749 5487 et
760 5433 967 5504 dispositionem
1019 5444 1090 5490 lutus
1108 5435 1165 5489 sili
1183 5437 1252 5510 quod
1271 5449 1381 5508 negatur
1399 5439 1427 5492 in
1447 5441 1465 5494 l.
1488 5437 1577 5508 tmff
1596 5441 1628 5494 de
1640 5453 1737 5495 novor.
1751 5455 1778 5498 et
1789 5445 1835 5498 de-

152 5527 179 5580 ti.
192 5528 209 5578 l.
222 5525 331 5582 civitas·
348 5526 380 5579 ad
401 5535 536 5591 motuum,
555 5521 709 5590 nentiquam
728 5535 790 5572 sero
807 5519 840 5572 ad
858 5521 970 5591 emptio·
1018 5523 1099 5592 legat.
1118 5525 1177 5576 iem
1198 5532 1252 5574 tum
1271 5524 1344 5576 eninr
1358 5524 1484 5582 creditori
1504 5527 1604 5580 nullom
1619 5528 1745 5583 imminet
1764 5529 1834 5602 peri·
1874 5560 1905 5602 ,g

152 5627 216 5666 ttettt
234 5611 413 5667 uenditionem
434 5613 573 5681 pertinere,
591 5605 683 5660 asserit
701 5604 727 5657 b.
745 5602 790 5656 dn.
814 5603 915 5658 liratnn.
939 5606 969 5660 irs
1018 5605 1122 5667 culum,
1141 5612 1167 5655 el
1186 5603 1248 5660 illae
1266 5609 1447 5678 exceptiones,
1466 5625 1530 5678 qnae
1545 5609 1676 5680 delegatus
1696 5614 1829 5685 deleganti

154 5695 300 5768 ‘wlff
312 5697 386 5751 edd.
399 5698 474 5754 ιιι.
489 5706 514 5748 et
529 5695 567 5750 od
578 5693 596 5748 l.
611 5689 701 5776 ruff.
714 5691 747 5748 ιιι·
758 5689 887 5750 minerii.
899 5709 928 5750 ιι.
942 5703 967 5746 t.
1021 5703 1156 5762 opponere
1175 5699 1287 5762 poterat,
1306 5703 1424 5764 cessem,
1444 5709 1476 5748 ex
1496 5693 1596 5748 ratione
1615 5697 1644 5752 in
1661 5699 1690 5754 d.
1708 5699 1726 5754 l.
1746 5699 1834 5773 subje-
1921 5697 1930 5717 ¹

277 5783 383 5855 ,t'srylis'
402 5782 462 5842 l'ol.
480 5785 537 5837 111.
1572 5792 1604 5835 ιι
