4228 6240
336 255 389 312 sii
905 249 1094 308 utsrtt'tlr.
1113 245 1161 304 IV·
1178 245 1296 306 clrur
1313 255 1347 310 V·
1855 253 1902 310 sid

282 351 491 408 llenoehdidt.
501 361 640 423 praentt.
652 367 680 405 n.
693 363 735 408 to.
751 348 860 408 uaeris
871 363 969 421 nempe
981 348 1098 420 peribm.
1149 345 1203 400 dex
1221 347 1345 402 minister
1361 347 1444 418 legis,
1462 345 1575 420 ideoque
1593 361 1641 402 nec
1666 363 1695 403 cs
1722 351 1879 418 clementior.
1902 373 1945 414 nse

284 436 352 490 lietu
373 435 395 492 'si
410 437 585 490 homicidium
606 435 675 490 torte
693 435 721 488 in
736 439 793 490 loco
804 435 974 490 commissum
987 432 1033 497 sit,
1053 431 1099 484 nbi
1148 430 1265 484 seuerior
1282 447 1339 483 esse
1357 430 1451 496 debet,
1473 449 1539 488 nou.
1559 441 1602 484 st.
1615 449 1643 486 c·
1666 443 1703 487 to.
1722 435 1740 487 i.
1756 439 1897 504 prospaeris.
1911 453 1945 496 ts.

282 522 345 586 itte,
362 523 407 592 qui
426 521 479 574 slio
498 519 643 573 homicidio
662 537 689 573 se
700 520 812 590 polluit,
827 535 879 572 non
894 514 961 580 init,
973 533 1036 570 seue
1050 533 1099 569 nec
1148 509 1172 584 5
1193 525 1217 566 t.
1234 512 1354 584 infiff.
1371 514 1420 583 qai
1435 525 1462 568 et
1479 535 1498 568 a
1515 516 1615 587 quidus
1627 519 1784 573 manumiss.
1797 523 1814 573 l.
1829 521 1946 592 ΛΜ.

280 605 464 676 praesumptio
482 613 573 656 contre
591 603 662 658 hunc
679 604 798 658 rnilitsre
822 611 916 672 posset.
941 599 994 654 Sed
1018 615 1098 670 poue·
1146 613 1226 668 poen.
1245 600 1304 652 irco
1323 597 1408 653 intuor
1427 609 1496 653 esset
1515 601 1611 669 index,
1624 602 1713 672 iuquit
1727 604 1798 659 lield.
1812 607 1947 664 adlatura

281 705 341 742 runs
360 689 442 742 elium
460 701 566 753 essunt3
585 687 637 741 duo
655 685 729 740 iocre
747 688 812 751 soll,
831 687 904 738 inter
918 683 1098 758 quos-liseri-
1148 699 1232 753 opera
1256 691 1295 736 tt.
1313 702 1337 738 c.
1354 685 1387 740 de
1404 685 1448 738 itis
1465 686 1514 755 qni
1531 701 1619 740 coerce
1638 705 1696 740 non
1719 700 1840 757 possunt.
1862 709 1886 744 n.
1910 707 1947 748 tt.

281 780 340 835 tur,
359 780 387 824 et
406 772 475 824 slter
492 771 604 824 suerunt
622 771 727 825 occidit.
749 770 858 824 Factum
883 768 996 834 letetur,
1025 768 1101 823 addit
1147 767 1193 836 qui
1221 769 1373 838 imponeret
1392 769 1523 822 minorent
1541 785 1668 839 monem,
1686 787 1764 841 quern
1782 773 1889 845 imponit
1905 789 1949 832 en.

281 865 370 910 temen
389 873 417 910 se
435 855 595 910 defendendi
614 857 656 909 sui
675 873 750 909 cause
770 855 797 906 id
823 853 933 919 lecisee,
959 854 1008 906 scd
1030 853 1099 905 hune
1149 859 1250 917 tutum,
1270 869 1328 904 cnm
1348 852 1476 920 juraverit
1494 869 1600 908 seruere
1618 865 1719 908 ststuts.
1737 856 1810 911 llinc
1827 861 1950 917 oendsdit

280 939 461 994 defensionem
480 939 591 1010 probare
609 938 718 1010 nequit,
737 939 798 1009 quis
818 937 993 991 homicidium
1016 935 1098 990 nuliis
1148 938 1210 991 loir.
1229 937 1353 1008 Philippi
1371 939 1400 992 in
1419 953 1469 994 usu
1486 955 1531 1009 pr.
1550 940 1611 993 inst.
1636 941 1653 992 i.
1683 953 1705 994 t.
1729 942 1775 994 eci
1805 952 1827 996 t.
1849 941 1949 1001 Nobiles
1994 935 2021 982 ⁴⁵

279 1022 394 1075 testibus
412 1022 594 1092 praesentibus
624 1025 813 1088 commissum,
837 1021 903 1092 qnid
927 1037 991 1090 ergo
1013 1019 1098 1090 judici
1147 1030 1226 1090 etque
1245 1019 1377 1074 studiosos
1394 1037 1476 1090 neque
1494 1039 1523 1072 nc
1541 1020 1672 1090 ignobiles
1694 1032 1721 1075 et
1742 1023 1844 1077 siliceis
1866 1027 1952 1080 musli-

281 1100 449 1158 i'seiendum?
469 1107 537 1159 Sene
555 1103 641 1158 Cerci.
661 1107 692 1158 V.
715 1103 745 1156 in
772 1104 878 1174 saepius
911 1103 982 1156 dicte
1010 1112 1096 1156 const.
1148 1103 1542 1170 tionisitoutines,obiurtnsn
1555 1106 1952 1180 commissumsuspeudipoeue

279 1185 355 1240 crim
374 1197 426 1240 ort.
449 1199 508 1240 ιιι.
526 1187 599 1241 iuter
609 1188 674 1242 slias
687 1187 903 1242 circumuentos
916 1187 998 1240 etiarn
1012 1184 1096 1239 uitam
1146 1186 1302 1242 efficiendos
1319 1204 1391 1251 csse,
1403 1187 1465 1257 quin
1483 1187 1548 1239 haec
1566 1185 1632 1242 lorti
1650 1207 1735 1260 poene
1752 1207 1767 1243 s
1785 1191 1841 1259 iege
1857 1193 1906 1259 jsns
1920 1201 1956 1248 est

282 1281 438 1328 anteactam
458 1271 591 1342 inspicere
609 1271 690 1340 jubet.
708 1271 776 1324 Nem
797 1272 821 1323 si
845 1269 947 1323 occisus
972 1271 1099 1323 hactenus
1147 1281 1243 1328 tnxste.
1262 1271 1296 1323 Et
1314 1269 1378 1325 inde
1396 1279 1482 1342 putet,
1503 1271 1531 1322 in
1551 1271 1594 1323 itis
1611 1287 1741 1342 personae
1755 1281 1898 1342 respectum
1916 1291 1956 1342 pe.

271 1355 539 1410 =consneserit·iecile
557 1355 629 1409 rixas
645 1359 776 1420 excitare,
796 1357 936 1425 minusque
953 1367 1040 1424 pacate
1058 1356 1098 1408 si·
1148 1357 1221 1409 nitus
1239 1356 1359 1420 exulare,
1378 1364 1409 1408 ut
1428 1363 1516 1406 temen
1531 1355 1650 1408 hoocesu
1661 1357 1764 1409 saluum
1778 1366 1878 1408 mouent
1890 1356 1958 1426 prin·

273 1439 362 1505 uerit,
380 1449 472 1492 contre
489 1439 577 1510 ipsum
592 1441 774 1510 praesumptio
785 1440 905 1492 orietur.
917 1438 971 1493 rid.
984 1440 1096 1509 ioseph.
1146 1439 1216 1508 cipis
1235 1439 1385 1491 arbitrium.
1407 1437 1457 1492 stn
1475 1447 1566 1490 entem
1586 1437 1715 1491 delictum
1730 1437 1869 1491 arbitrario
1880 1457 1955 1508 poene
2001 1457 2024 1501 su

279 1523 407 1576 merent.
427 1523 461 1576 de
477 1523 556 1592 prod.
574 1523 626 1576 uei.
649 1536 672 1576 t.
690 1524 777 1577 cunei.
797 1533 840 1574 ts.
860 1541 887 1575 n.
910 1532 949 1574 tt.
970 1532 996 1576 et
1008 1522 1098 1576 conci.
1147 1519 1334 1582 efficiendum,
1349 1531 1411 1574 tnnc
1424 1523 1523 1591 utique,
1537 1523 1560 1574 si
1575 1521 1757 1591 delinquentis
1770 1523 1824 1579 nita
1837 1533 1956 1580 anteacta

288 1617 363 1658 tttt.
382 1625 408 1658 n.
429 1618 471 1659 ιι.
489 1623 545 1676 sep.
564 1607 641 1659 llenc
653 1619 715 1676 crgo
734 1605 815 1660 ritem
834 1623 893 1659 cusu
908 1603 970 1657 eliis
987 1605 1100 1658 eircum-
1147 1607 1262 1672 iudicem
1277 1608 1316 1662 eel
1330 1606 1362 1658 etl
1374 1603 1509 1658 duriorem
1522 1607 1563 1660 rel
1578 1607 1713 1660 mitiorem
1728 1607 1881 1660 senteutiam
1893 1623 1958 1660 oum·

281 1689 390 1744 stentiis
406 1690 429 1744 si
449 1707 510 1744 reus
527 1691 630 1760 liquido
647 1692 784 1761 probatem
804 1701 895 1744 contre
913 1690 1029 1742 occisum
1055 1699 1096 1741 st·
1149 1691 1273 1752 mouerit,
1293 1691 1362 1742 nihil
1377 1689 1529 1760 iniquitatis
1544 1690 1666 1756 submit,
1683 1707 1745 1744 «tuns
1765 1705 1889 1760 peremne
1900 1709 1957 1760 qna·

283 1773 388 1838 tulerit,
406 1772 581 1828 absolvendus
599 1775 660 1828 erit.
677 1777 742 1828 Utut
760 1775 834 1828 enirn
852 1774 950 1826 delicte
976 1789 1030 1825 non
1049 1773 1096 1826 de·
1147 1773 1208 1826 ttns
1225 1773 1352 1828 delictutu
1371 1773 1411 1826 rel
1429 1784 1522 1840 sugent
1539 1775 1579 1828 uei
1596 1774 1712 1838 minuet,
1733 1774 1813 1828 rnodo
1831 1774 1906 1841 juder
1924 1776 1959 1828 nl·

280 1859 360 1911 bmnt
378 1875 483 1912 manere
501 1859 634 1929 impunite
651 1874 703 1928 per
720 1858 738 1909 l.
758 1871 800 1910 st.
819 1865 840 1922 ς.
859 1859 937 1928 quod
959 1858 986 1909 si
999 1857 1042 1927 ff.
1061 1860 1099 1912 ed
1148 1857 1261 1910 iectibns
1274 1857 1386 1927 privetis
1400 1858 1472 1910 uiltil
1485 1859 1628 1930 indulgent.
1648 1857 1753 1926 Quibus
1768 1873 1829 1910 sero
1841 1857 1960 1910 decausis

203 1957 207 1965 ·
281 1942 300 1992 t.
319 1941 402 2011 aquil.
422 1958 474 1995 non
493 1953 582 1996 temen
600 1943 757 1994 innocentes
776 1941 906 2012 puniendi
921 1942 1098 2005 suntesotius'
1148 1957 1246 2010 poenae
1264 1940 1383 2010 mitigeri
1404 1941 1523 2012 possint,
1542 1962 1564 1995 r.
1584 1942 1689 2012 prolixe
1708 1959 1753 2010 up.
1778 1940 1865 1994 Ferin.
1887 1959 1962 2011 prae.

279 2027 352 2078 enirn
363 2037 402 2082 cst
413 2025 579 2097 impunitum
594 2027 744 2095 relinquere
757 2026 860 2079 focinus
875 2024 1005 2088 nocentis,
1019 2042 1098 2093 quem
1147 2025 1223 2076 arim.
1243 2043 1268 2095 p.
1290 2035 1331 2076 ιι.
1347 2041 1398 2093 per
1414 2024 1511 2092 integr.
2066 2079 2067 2082 Ἴ

282 2112 451 2164 innocentem
470 2113 649 2164 condemnere
668 2113 742 2178 juxte
761 2109 946 2163 dodrantem.
967 2123 989 2161 n.
1006 2106 1048 2178 ff.
1066 2111 1099 2162 de
1186 2108 1245 2159 liin
1266 2125 1375 2176 prorsus
1393 2119 1434 2160 est
1452 2109 1586 2178 quaestio,
1605 2123 1638 2160 sn
1662 2105 1806 2177 princeps,
1824 2107 1870 2175 qui
1890 2107 1961 2160 hslset
2007 2113 2030 2158 ιι
2064 2098 2077 2129 ⁸

281 2212 362 2262 poen.
381 2195 493 2260 Contra,
512 2196 536 2247 si
554 2196 642 2264 ipsine
660 2195 786 2247 occisoris
805 2194 865 2246 vita
886 2202 1012 2246 anteacta
1039 2194 1099 2246 talis
1150 2193 1190 2257 ins
1216 2191 1400 2258 eggretiendi‚
1418 2190 1575 2260 dispensate
1597 2189 1703 2260 possiti
1731 2192 1785 2244 llic
1809 2191 1964 2258 distingues-
2050 2190 2078 2302 'q

280 2279 424 2350 probetur,
444 2280 546 2349 qualem
567 2282 619 2346 ism
637 2278 784 2348 descripsi,
811 2287 903 2330 contre
930 2277 999 2328 lsuttc
1025 2295 1100 2346 prae·
1149 2275 1212 2326 dnm
1237 2275 1309 2327 iuter
1328 2291 1424 2345 poenus
1449 2277 1508 2342 jure
1528 2273 1637 2337 ttetno,
1656 2283 1684 2325 et
1710 2275 1784 2327 iuter
1803 2291 1896 2343 poenes
1912 2277 1965 2339 iure
2074 2279 2078 2301 ³

282 2362 399 2429 sumptio
418 2361 636 2430 aurisonum,
655 2378 733 2430 quem
760 2376 808 2430 per
833 2368 961 2412 torturum
989 2375 1101 2427 purgare
1149 2358 1265 2412 iturusne
1284 2367 1404 2411 statutus.
1425 2359 1455 2410 ln
1475 2359 1529 2410 illis
1547 2360 1616 2410 seim
1635 2359 1797 2411 couscientia
1818 2359 1965 2430 dispensare
2066 2353 2078 2388 ²

282 2458 416 2495 necessum
437 2443 551 2498 hebebit.
568 2444 668 2498 muter.
688 2443 780 2514 steph.
799 2444 836 2498 ad
856 2443 882 2495 d.
894 2451 946 2496 art.
964 2451 1020 2494 tlt.
1035 2442 1099 2496 Ber·
1149 2442 1257 2510 nequit,
1282 2443 1344 2512 quie
1369 2441 1503 2513 principis
1528 2451 1646 2513 potestas
1670 2443 1722 2512 legi
1749 2441 1855 2496 divinoe
1879 2441 1965 2495 raorsli
2067 2439 2078 2472 ²

279 2526 344 2579 lioh.
360 2547 386 2594 p.
406 2536 430 2578 t.
447 2529 535 2581 conci·
556 2541 598 2581 tn.
616 2547 642 2580 n.
662 2543 687 2582 ι.
704 2543 777 2598 seqq·
1150 2524 1321 2577 subordinate
1339 2537 1390 2579 est.
1407 2526 1477 2594 Ergo
1496 2526 1644 2580 homicidae
1662 2525 1755 2580 doloso
1774 2528 1884 2596 gretisru
1902 2527 1966 2579 sitne
2011 2535 2037 2580 ιι
2068 2525 2077 2554 ”

318 2611 371 2662 snt
389 2612 557 2664 haecomnia
576 2613 843 2681 obtineutqueeietu
863 2607 1100 2663 inmediurusunt
1153 2607 1238 2660 iecere
1256 2610 1357 2678 nequit.
1381 2612 1411 2662 ln
1439 2610 1483 2664 lsis
1506 2627 1669 2679 reru,quse
1693 2610 1804 2664 scilicet
1829 2611 1966 2676 sautiare
2054 2615 2078 2643 ¹*

281 2692 400 2760 prolata,
418 2694 523 2761 quoties
541 2707 676 2745 retsnrnur
699 2691 727 2745 in
752 2707 814 2744 casu
840 2691 927 2744 dubio.
954 2689 1099 2756 Quaeritur
1149 2689 1264 2745 hntmnne
1284 2701 1413 2757 statutae,
1432 2693 1524 2763 utique
1544 2695 1701 2766 dispensare
1718 2695 1836 2760 rsiebit,
1855 2693 1915 2762 quis
1931 2693 1966 2746 le·
2070 2695 2078 2726 ¹

281 2791 428 2844 segmen,
445 2777 468 2828 si
486 2779 546 2846 quis
565 2777 659 2828 delicti
679 2775 866 2838 courincutur,
884 2775 919 2828 ob
938 2775 1026 2825 uitam
1048 2792 1099 2826 an·
1151 2772 1229 2837 gibus
1247 2773 1576 2848 cisilibnsprinccpsest
1594 2779 1712 2843 solutus,
1731 2797 1783 2849 per
1802 2779 1820 2829 l.
1839 2778 1966 2844 princeps.
2052 2781 2078 2836 ‚¹

281 2869 398 2914 renatam
412 2855 1102 2930 mitiorieuterssioripoeunniiicieudussitidistin-
1152 2855 1419 2929 shffieielegidus.
1437 2859 1472 2913 Et
1489 2861 1554 2913 heec
1572 2861 1679 2931 quidem
1691 2862 1776 2917 etiarn
1789 2857 1913 2918 sufficere
1926 2877 1967 2926 po·
2014 2879 2037 2921 ῃ
2072 2865 2078 2898 ¹

283 2944 414 3010 quondum
428 2943 471 2996 hic
484 2943 664 2997 risletnrinter
680 2957 777 3010 poenus
788 2939 939 2992 ordinarius
952 2951 979 2992 et
989 2950 1102 2994 entraor·
1153 2948 1243 2996 terunt
1261 2943 1293 2994 de
1312 2943 1372 2996 uita
1397 2954 1527 2999 anteacta
1546 2945 1574 2997 in
1600 2946 1687 2998 esusis
1705 2943 1905 2998 criminalibus.
1922 2942 1968 2994 Fc-
2073 2931 2078 2978 i

195 3059 197 3064 ·
282 3030 410 3080 dinarius.
429 3030 498 3082 Sene
516 3028 540 3080 si
559 3027 654 3080 delicto
672 3025 751 3080 slicui
769 3036 839 3078 certe
859 3041 943 3094 poene
963 3025 1016 3090 jem
1033 3035 1103 3077 essct
1151 3023 1204 3076 cile
1227 3025 1336 3094 quidem
1362 3039 1447 3094 esset,
1467 3029 1596 3099 plurimes
1621 3029 1780 3084 delictorum
1807 3027 1908 3098 species
1926 3025 1967 3078 ed·
2073 3031 2078 3062 ¹

281 3114 370 3180 siege
387 3121 432 3164 eut
445 3121 543 3164 statuto
562 3108 677 3173 dictatu,
697 3125 750 3162 nott
770 3117 857 3178 posset
875 3125 927 3160 non
955 3109 1038 3176 judex
1061 3126 1102 3162 ea·
1151 3107 1259 3170 ducere,
1278 3109 1325 3161 ubi
1344 3109 1415 3164 utrae
1443 3123 1588 3168 antenctae
1614 3113 1679 3168 rstio
1703 3113 1837 3177 hebetum
1858 3109 1972 3164 sednon
2075 3117 2079 3148 i

281 3197 341 3248 alem
360 3196 574 3263 delinquentem,
593 3209 647 3246 non
666 3191 756 3244 habito
775 3207 903 3261 personne
923 3203 1039 3260 respectu
1064 3190 1102 3242 ui·
1151 3191 1262 3260 perinde
1278 3210 1381 3261 quoqne
1399 3207 1468 3248 esset
1486 3213 1581 3267 cperse
1600 3199 1731 3269 pretiatis,
1756 3217 1818 3254 curn
1837 3201 1867 3252 in
1886 3197 1969 3254 orani·
2076 3201 2079 3230 ¹

282 3277 377 3344 ¹ficere,
397 3276 558 3346 quiejudici
578 3274 714 3327 nonlicet
738 3274 771 3326 de
797 3272 918 3341 legibus,
941 3273 989 3328 scd
1014 3290 1103 3328 urun-
1150 3273 1199 3330 bus
1219 3275 1412 3332 iersueesdem
1432 3281 1469 3334 sit
1486 3279 1595 3336 decisis·
2077 3286 2079 3330 t

197 3389 231 3432 Α.
285 3363 348 3414 dum
367 3363 436 3433 leges
449 3361 570 3430 judicare
586 3374 639 3430 per
655 3375 718 3416 ean·
738 3370 761 3412 ι.
779 3357 842 3412 dist.
865 3367 889 3412 t.
907 3357 953 3412 Est
969 3357 1043 3412 euim
1060 3359 1102 3427 jn·

946 3501 1205 3574 CAPUT
1252 3509 1294 3578 V.

2063 1503 2069 1511 μ

2061 1515 2077 1624 ,τι
2050 217 2077 1455 αμ.-τ.-ιιιι«“ι«ἰιῑῖ“ττ-ἱ-,,

2064 1826 2077 1888 ,ι

655 3661 711 3729 De
736 3666 834 3728 uitae
858 3674 1044 3728 anteactae
1065 3667 1280 3756 purgatione
1301 3683 1339 3734 et
1363 3669 1433 3736 uita
1443 3671 1589 3757 futura.

520 3825 544 3874 's
564 3823 592 3876 U
606 3821 643 3873 M
655 3819 691 3872 Μ
705 3821 733 3872 A
752 3821 779 3872 tt
798 3821 816 3872 1
832 3817 861 3870 A
1151 3820 1225 3888 (inid
1239 3823 1266 3876 si
1280 3825 1368 3880 vitam
1388 3835 1544 3878 anteactum
1562 3824 1734 3878 correxerit?
1754 3845 1783 3880 n.
1806 3837 1845 3880 tt.

1149 3901 1226 3959 Filia
1252 3910 1382 3962 meretrix
1397 3919 1462 3980 pust
1487 3911 1660 3964 emendatam
1680 3910 1763 3964 vitam
1784 3907 1969 3966 exhaeredari

285 3987 478 4044 Continuaiio.
498 4005 525 4039 n.
548 3993 569 4037 ι.
1184 3992 1283 4061 nequit.
1304 4012 1331 4045 n.
1354 4005 1391 4047 ιι.

288 4073 333 4124 De
350 4071 522 4142 poenitentia
542 4065 687 4120 remissive.
706 4083 732 4118 n.
754 4076 777 4118 ι.
1152 4072 1200 4125 Uti
1215 4091 1264 4128 neo
1272 4075 1356 4146 filius
1374 4075 1498 4148 ingratus
1513 4085 1574 4146 post
1591 4087 1732 4146 peractam
1749 4075 1965 4148 poenitentiam.

289 4155 405 4220 Quando
432 4153 491 4226 qais
514 4150 622 4206 dicatur
644 4151 733 4204 vitum
762 4159 918 4205 anteactam
947 4151 1099 4218 purgasse?
1183 4173 1212 4206 n.
1235 4169 1276 4212 ιι.

321 4255 348 4289 n.
370 4251 393 4291 r.
928 4239 931 4243 ’
1150 4238 1223 4307 Quid
1237 4239 1353 4310 sifidius
1370 4243 1571 4297 eeteereatetus
1588 4259 1647 4296 cum
1664 4254 1786 4312 putrere
1801 4241 1967 4298 reconcilia·
2006 4291 2010 4298 .

282 4323 366 4390 *Qruiel
389 4322 415 4374 si
430 4320 562 4390 prodigus
580 4319 617 4373 ad
635 4316 774 4371 meliorem
794 4317 864 4370 ritae
872 4312 989 4385 frugem
1007 4321 1096 4369 se‘re·
1182 4323 1267 4376 cerie?
1285 4343 1313 4376 e.
1336 4336 1375 4376 ts.

317 4405 438 4476 ceperit?
455 4427 482 4458 n.
505 4416 529 4457 t.
1151 4407 1300 4462 {sarmatius
1318 4427 1355 4462 an
1375 4409 1433 4479 ipsc
1447 4409 1511 4480 iare
1529 4407 1668 4480 infirmis?
1685 4433 1713 4466 n.
1735 4423 1781 4465 ss.

275 4493 415 4562 Prodigus
433 4505 580 4543 conuersus
599 4505 653 4548 an,
667 4483 803 4540 sententia
820 4485 909 4553 priori
925 4487 1044 4541 nondum
1058 4505 1096 4540 re-
1145 4493 1195 4544 An
1210 4503 1273 4558 pust
1289 4492 1508 4547 emendationem
1527 4495 1597 4550 uitae
1613 4507 1694 4552 testes
1716 4515 1776 4554 erse
1792 4499 1925 4570 possint,
1944 4505 1971 4549 et

312 4577 415 4641 scissa,
434 4574 532 4627 testari
547 4567 653 4642 possit?
672 4589 701 4623 n.
722 4583 743 4622 ι.
1181 4573 1302 4644 infames
1318 4593 1375 4632 erse
1393 4578 1545 4634 desinunt?
1562 4597 1588 4632 n.
1611 4593 1650 4633 ιι.
1857 4577 1861 4584 ’

276 4659 414 4715 li'oveilae
432 4654 534 4712 leonis
548 4657 576 4710 in
598 4665 730 4726 quantam
749 4653 890 4722 receptae?
910 4673 937 4706 n.
957 4667 981 4706 ι.
1145 4660 1193 4710 An
1212 4661 1372 4732 delinquens
1387 4671 1503 4731 peracta
1522 4663 1694 4732 poenitentia
1719 4687 1737 4722 ts
1753 4685 1855 4738 paena
1874 4667 1971 4722 libere·

280 4743 396 4812 Quando
413 4744 542 4814 prodigus
559 4740 668 4796 dicatur
684 4739 753 4794 bene
768 4739 922 4807 posteritati
943 4740 1094 4810 prospexis-
1180 4743 1243 4796 tur?
1262 4763 1289 4797 n.
1310 4755 1350 4798 ιο.

311 4825 360 4880 se?
379 4845 404 4878 n.
425 4838 449 4878 t.
1145 4827 1319 4896 Propanisus·
1334 4845 1422 4884 eacus.
1442 4849 1470 4884 n.
1493 4839 1534 4885 tt.
1553 4849 1607 4904 sep.

275 4911 309 4966 Si
321 4911 410 4980 judici
431 4911 577 4981 probetur,
601 4909 684 4963 uitam
710 4917 868 4962 anteactam
893 4907 1011 4979 aliquem
1037 4926 1094 4962 nra·
1142 4909 1316 4964 Adulterium
1335 4921 1375 4964 est
1391 4913 1518 4967 delictum
1538 4915 1703 4984 mietisisri.
1721 4937 1747 4972 n.
1770 4931 1815 4974 ts.

310 5009 394 5062 tasse,
404 4995 497 5066 facile
514 4995 678 5048 sententium
698 4992 840 5048 rescindet.
858 5011 885 5043 n.
905 5005 928 5044 ι.
1140 4993 1215 5045 Hinc
1231 4992 1342 5060 gemina
1360 5013 1454 5064 poena
1474 4995 1556 5068 affici
1569 5013 1669 5068 potert.
1687 5021 1715 5055 n.
1739 5013 1782 5056 ιι.

278 5083 352 5151 Quid
366 5084 392 5136 si
407 5081 534 5150 periurus
551 5077 748 5148 poenitentiam
768 5077 851 5149 egerit
881 5095 909 5128 n.
928 5087 953 5126 ι.
1144 5074 1217 5146 Quid
1233 5077 1259 5128 si
1273 5077 1402 5130 sacerdus
1419 5078 1473 5132 sibi
1488 5079 1517 5134 in
1536 5079 1710 5152 confisriune
1728 5087 1855 5141 revelate
1875 5087 1968 5144 mani-

274 5167 322 5217 An
340 5163 505 5218 criminosus
519 5173 581 5233 post
596 5159 818 5215 emendationem
828 5157 915 5231 possit
925 5173 984 5210 esre
994 5155 1091 5212 tertie?
1162 5159 1274 5227 ferret?
1293 5179 1321 5213 n.
1342 5172 1382 5213 re.

307 5267 333 5303 n.
356 5261 395 5300 to.
1138 5247 1186 5298 An
1204 5263 1241 5297 ee
1258 5245 1407 5300 sacerdotis
1429 5245 1639 5306 denunciatione
1664 5251 1806 5324 inquisitio
1817 5253 1960 5328 sormon-

275 5331 348 5402 Quid
362 5331 388 5383 si
403 5331 522 5398 legatum
542 5327 675 5380 meretrici
691 5326 832 5390 relictum,
851 5325 878 5379 si
894 5325 933 5379 ad
948 5323 1087 5377 meliorem
1174 5327 1232 5380 da?
1250 5347 1277 5381 n.
1301 5341 1344 5383 tt.

307 5417 383 5469 uitae
390 5410 507 5483 frugem
527 5410 658 5465 redierit?
676 5429 705 5464 n.
727 5421 767 5472 tt.
1139 5409 1304 5482 Exemplum
1329 5414 1461 5482 puellae,
1485 5434 1556 5486 puae
1578 5419 1715 5476 racemus·
1737 5423 1805 5495 quid
1827 5427 1963 5500 oensem

270 5507 319 5556 An
329 5499 398 5569 filia
418 5497 547 5552 meretrix
565 5495 750 5550 exhaeredari
763 5489 867 5564 parcit?
885 5511 912 5543 n·
933 5502 974 5543 tr.
1161 5493 1273 5563 sume,
1294 5515 1321 5550 η,
1341 5509 1384 5550 ῃ,
1931 5508 1934 5516 ,

275 5585 348 5653 Quid
363 5583 389 5636 si
406 5593 494 5637 muter
511 5581 547 5633 rit
558 5580 685 5650 ,ejusdem
702 5575 894 5634 conditionis?
911 5593 940 5628 u.
961 5587 1001 5630 ιι.
1135 5581 1312 5636 Paenitentia
1320 5579 1348 5636 in
1355 5583 1459 5640 delictis
1466 5583 1752 5660 impeffectispuenam
1761 5589 1874 5648 minuit.
1882 5613 1911 5650 n.
1922 5603 1965 5650 ts.
