4228 6240
699 347 1033 434 nrsrursrm
1059 347 1262 445 Quum

503 539 638 655 uu
706 531 1464 658 ttttttuttttttutt.

756 763 810 806 Di!
839 762 891 804 ta.
915 756 1027 803 mm
1049 759 1210 804 HDGfflV·

863 918 1032 964 ”dfdtlsslti
1038 919 1076 960 n

520 1063 882 1140 cflnlsrot’flono
902 1061 1126 1132 SEIDELIO
1149 1061 1278 1134 OLSN.
1303 1063 1446 1134 SILES.

712 1319 1271 1390 ψ

799 1549 1172 1646 rnmnounrnrr.

151 1807 354 1964 suspende
376 1874 547 1968 paulisper
571 1895 704 1958 nasum,
726 1881 900 1957 caretate,
921 1897 983 1942 nec
1005 1873 1094 1942 illico
1117 1871 1255 1944 salisam
1278 1897 1386 1960 more,
1401 1899 1438 1945 ac
1466 1877 1495 1944 si
1519 1887 1616 1944 tuum
1632 1876 1713 1946 huic
1728 1902 1822 1946 meae

146 1963 372 2054 disputationi
397 1966 655 2057 praeposuissem
681 1966 829 2033 titulum.
863 1965 989 2056 Nempe
1020 1965 1223 2032 sententiam
1253 1989 1350 2034 causa
1382 1965 1534 2034 nondum
1559 1969 1689 2058 cognita
1713 1965 1823 2036 isaeus

147 2055 274 2144 judex,
297 2067 357 2120 ant
380 2071 527 2122 extreme
549 2055 691 2122 stolidus
714 2057 774 2140 sit,
790 2067 848 2122 aut
871 2078 1001 2123 summe
1025 2055 1166 2146 iniquus
1190 2076 1318 2123 necesse
1340 2074 1399 2124 est.
1423 2055 1511 2125 Saue
1535 2055 1689 2148 imperita
1714 2057 1822 2150 plebis

147 2145 306 2211 catharae
333 2144 441 2210 thema
472 2159 623 2212 nostmm
652 2147 764 2213 neseio
787 2169 889 2236 quem
915 2147 950 2211 in
981 2145 1087 2212 locum
1112 2143 1270 2212 famosum
1295 2143 1467 2214 detrudere
1490 2169 1559 2214 non
1586 2147 1762 2216 erubescit.
1787 2153 1820 2220 d.

147 2247 180 2300 te
210 2257 289 2301 sero
308 2235 440 2302 cordate
456 2235 572 2316 lector,
589 2236 770 2328 benignius
793 2249 929 2326 expecto
946 2235 1121 2326 judicium.
1137 2233 1290 2327 Namque
1305 2235 1341 2300 in
1359 2236 1407 2302 rei
1424 2236 1600 2302 raritatem
1615 2261 1691 2303 cum
1707 2239 1824 2330 inqui·

148 2323 299 2390 rendum
314 2337 380 2406 est,
397 2326 644 2394 tenebricosum
668 2326 898 2393 multitudinis
911 2325 1085 2392 cerebrum
1107 2348 1230 2415 susque
1245 2325 1357 2416 deque
1372 2324 1575 2394 babendum.
1590 2325 1675 2394 Plus
1694 2330 1823 2397 etenim

148 2413 207 2480 bic
224 2437 355 2506 semper
370 2415 405 2481 in
422 2415 583 2505 opinione
598 2429 663 2498 est,
676 2439 777 2507 qnam
794 2418 942 2484 veritate.
958 2413 1104 2507 Ideoque
1120 2414 1211 2480 baud
1228 2438 1301 2482 raro
1316 2415 1424 2506 ipsius
1439 2417 1589 2506 justitiae
1603 2416 1732 2484 decreta
1748 2416 1816 2483 ini-

147 2506 294 2596 quitatis
309 2503 459 2578 damnat,
474 2519 586 2572 contra
604 2529 683 2573 reru
699 2505 893 2596 depravatus
909 2529 1016 2571 nrores
1036 2521 1093 2572 aut
1112 2505 1289 2594 aequitatis
1306 2522 1364 2571 aut
1379 2506 1532 2573 utilitatis
1548 2507 1656 2596 specie
1678 2506 1744 2574 sibi
1760 2507 1828 2576 inr-

149 2616 279 2684 ponere
294 2594 430 2684 patitur.
448 2593 537 2662 Hinc
552 2611 585 2660 et
600 2595 710 2662 thema
728 2613 877 2662 nostrum
895 2595 937 2662 ab
953 2595 1089 2686 injuriis
1108 2595 1229 2660 merito
1244 2593 1500 2676 vindicandum,
1515 2607 1631 2686 utpote
1646 2593 1738 2687 quod
1753 2594 1829 2664 lon·

148 2707 194 2776 ge
213 2683 288 2774 plns
306 2685 340 2750 in
354 2705 484 2752 recessu
499 2683 615 2766 habet,
632 2709 736 2776 quam
752 2686 860 2776 prima
876 2684 986 2751 fronte
1003 2684 1178 2776 promittit.
1196 2682 1325 2768 Verba,
1342 2701 1381 2752 ut
1396 2684 1503 2772 rides,
1518 2685 1543 2752 l.
1559 2710 1586 2753 c.
1605 2707 1707 2776 pauca
1723 2697 1824 2766 sunt,

148 2795 263 2864 eaque
278 2797 418 2840 numero
430 2772 601 2842 dumtaxat
614 2775 696 2858 duo,
714 2777 797 2843 circa
814 2799 901 2868 quae
914 2797 1066 2865 praesens
1081 2772 1275 2842 exercitium
1292 2773 1450 2866 palmario
1462 2792 1655 2868 occupatum
1672 2774 1745 2842 erit.
1756 2773 1823 2841 Sed

148 2863 206 2930 vis
223 2865 371 2952 ipsorum
388 2886 447 2956 per
461 2888 560 2932 omne
576 2869 645 2956 jus,
661 2887 846 2957 omnesque
861 2869 952 2956 ejus,
968 2883 1027 2930 aut
1048 2882 1135 2932 certe
1153 2863 1329 2958 plerosque
1349 2865 1503 2932 articulos
1517 2887 1584 2933 sese
1599 2861 1754 2932 effundit.
1770 2862 1823 2932 Ita

147 2953 317 3020 nimirum
334 2953 370 3018 in
388 2954 537 3021 minimis
552 2957 695 3022 maxima
715 2979 811 3046 saepe
834 2957 883 3024 ris
899 2955 1066 3022 recondita
1085 2954 1176 3020 latet.
1199 2950 1287 3022 Sane
1309 2956 1343 3024 ri
1362 2955 1528 3022 clausulae
1549 2955 1649 3046 buius
1665 2955 1825 3047 patrimo-

153 3041 253 3108 nium
270 3061 365 3110 tuum
382 3043 562 3135 insigniter
583 3043 762 3113 adauctum
783 3047 864 3128 ibis,
881 3045 948 3111 ibis
968 3045 1053 3136 quin
1070 3061 1104 3112 et
1123 3041 1212 3109 idem
1235 3045 1410 3136 insigniter
1425 3044 1656 3129 deminutum,
1671 3055 1771 3135 prout
1791 3056 1825 3112 te

155 3130 208 3199 rel
231 3131 342 3199 farore
362 3132 415 3200 rel
438 3133 515 3200 odio
534 3132 675 3228 dignum
694 3136 852 3204 censebit.
873 3135 999 3203 Verba:
1025 3157 1181 3226 percurre
1201 3151 1233 3200 et
1253 3134 1482 3224 imperatoriae
1504 3139 1631 3224 majest.
1663 3135 1765 3226 leges,
1790 3144 1825 3200 et

155 3222 369 3290 currciliorum
386 3245 542 3306 canones,
555 3237 589 3290 et
605 3228 805 3316 populorum
824 3247 947 3304 mores,
966 3237 1000 3292 et
1025 3236 1142 3315 sponte
1157 3223 1242 3290 mibi
1267 3247 1461 3291 consensum
1489 3223 1684 3316 praebebis,
1698 3224 1829 3316 ubique

156 3309 262 3379 hu'us
277 3311 445 3380 clausulae
460 3312 594 3382 effectus
609 3315 762 3406 reperiri.
773 3311 884 3404 Quid?
892 3313 985 3406 quod
1000 3314 1147 3382 clausula
1164 3312 1244 3380 haec
1258 3316 1439 3384 saevientes
1454 3315 1582 3406 gladios
1598 3315 1738 3419 saginae
1749 3337 1829 3382 suae

156 3337 343 3482 reddendo,
359 3403 522 3495 effusique
537 3407 712 3510 sanguinis
732 3405 858 3472 ssueuta
875 3404 979 3472 suerit
997 3400 1161 3472 sistendo?
1173 3402 1273 3492 Quid
1287 3425 1365 3496 ergo
1379 3404 1545 3472 obstaculo
1561 3415 1720 3494 potuisset
1735 3427 1828 3484 esse,

156 3515 226 3584 quo
242 3493 356 3560 minus
370 3509 482 3560 tantae
496 3493 659 3560 efficaciae
673 3495 854 3562 clausulam
874 3495 1071 3563 exercitium
1090 3493 1312 3561 academicum
1328 3495 1513 3586 elegissem.
1530 3493 1621 3584 Ergo
1636 3494 1738 3560 lector
1751 3518 1781 3560 c.
1797 3492 1827 3559 si

156 3605 245 3674 quae
260 3586 401 3672 sparsim
417 3581 475 3648 dd.
491 3581 535 3648 de
549 3581 609 3650 hac
623 3583 760 3651 materia
778 3583 936 3663 tradunt,
952 3583 1006 3650 hic
1025 3583 1157 3651 collecta
1172 3582 1236 3649 tibi
1257 3583 1459 3663 exhibuero,
1475 3604 1545 3650 non
1561 3604 1613 3648 me
1628 3604 1698 3649 rem
1713 3581 1831 3675 ingra-

158 3689 225 3738 tam
239 3671 404 3738 iacturum
419 3671 560 3740 confido.
582 3672 703 3739 Omnia
728 3673 869 3764 quidem
885 3672 948 3740 buc
968 3671 1121 3738 facientia
1138 3695 1206 3737 non
1223 3669 1338 3756 offero,
1355 3673 1411 3740 sed
1432 3672 1489 3738 illa
1505 3671 1617 3738 saltem
1636 3692 1726 3762 quae
1740 3667 1833 3738 milri,

158 3762 313 3830 invenire
329 3764 494 3854 integrum
512 3761 590 3828 luit.
609 3761 654 3828 Et
676 3762 752 3828 licet
768 3763 920 3829 materies
935 3761 1014 3828 haec
1029 3758 1136 3826 multo
1150 3763 1333 3828 accuratius
1351 3762 1514 3828 elaborari
1530 3773 1712 3840 mereatur,
1726 3758 1762 3825 id
1779 3778 1830 3827 ta·

158 3875 234 3918 men
252 3852 337 3918 mibi
354 3857 546 3943 inpraesens
566 3850 716 3919 ellectum
738 3851 832 3932 dare,
852 3853 994 3943 exiguae
1014 3851 1049 3916 in
1074 3849 1144 3915 enii
1161 3851 1250 3916 vires
1265 3849 1486 3941 denegarunt.
1504 3849 1623 3941 ltaque
1639 3849 1663 3915 l.
1682 3874 1712 3916 e.
1728 3869 1833 3916 cona·

158 3959 216 4009 tur
231 3941 258 4006 si
279 3942 343 4008 tibi
366 3964 431 4008 non
447 3940 669 4032 displicuerit,
688 3943 754 4009 soti
780 3943 843 4008 mai
860 3963 990 4031 compos
1006 3873 1157 4006 redditus
1172 3961 1239 4006 ero.
1256 3939 1331 4004 Janr
1349 3962 1428 4007 vero
1443 3938 1569 4029 absque
1584 3937 1664 4005 ullis
1676 3937 1830 4028 ambagi-

160 4032 244 4189 ξι,
261 4029 438 4122 implorato
452 4049 563 4098 tamen
580 4032 674 4122 prius
688 4057 728 4101 ss.
744 4049 778 4100 et
792 4031 987 4099 individuae
1002 4029 1180 4098 Trinitatis
1197 4027 1335 4114 auxilio,
1349 4027 1392 4094 sd
1406 4050 1477 4096 rem
1494 4027 1598 4120 ipsam
1613 4049 1667 4094 me
1682 4027 1826 4120 accinge.

221 4145 243 4189 o
259 4142 349 4213 ergo.

837 4275 1083 4346 CAPUT
1128 4275 1158 4343 1.

615 4447 670 4515 De
692 4462 818 4518 natura
842 4445 947 4538 liujus
970 4443 1151 4514 clausulae
1171 4447 1209 4512 in
1229 4399 1369 4536 genere.

392 4630 418 4683 d
436 4629 466 4684 U
479 4629 516 4683 i!
527 4628 565 4682 H
576 4629 606 4684 A
622 4633 649 4685 n
666 4633 687 4683 1
701 4628 731 4683 A
812 4624 814 4628 ’
1018 4625 1196 4682 caeterarum
1209 4631 1237 4678 et
1247 4621 1414 4698 reliquarum
1425 4617 1616 4692 naminspuid
1623 4617 1771 4676 usumin.
1787 4627 1831 4673 tt.¹

1054 4721 1148 4782 etseq.
1890 4771 1893 4778 .

154 4797 240 4852 Ratio
251 4811 302 4852 arar
312 4796 342 4850 in
352 4796 592 4866 unammicgirrm
604 4795 804 4869 inquirendum.
815 4817 843 4854 rs.
859 4809 883 4854 t·
1022 4793 1096 4866 Quid
1110 4801 1247 4850 euterun
1272 4800 1352 4863 atqua
1372 4797 1483 4845 mm
1500 4787 1613 4842 &aaut
1627 4785 1784 4842 mmirtinst'
1800 4807 1829 4844 ι.

156 4884 236 4938 Unde
248 4899 305 4936 eoas
317 4891 452 4935 usonem
460 4892 651 4949 comuntur.
665 4901 695 4936 rr.
708 4893 733 4936 2.
1056 4889 1100 4932 st.

152 4965 221 5024 laet
232 4967 308 5020 lane
323 4963 477 5020 &maiam
494 4963 666 5021 mestrem
681 4975 740 5021 tam
757 4965 867 5052 epirus
887 4963 968 5022 sisr'ii.
1016 4958 1255 5097 Etraqteraqrsid
1262 4958 1386 5024 marn,
1399 4955 1509 5030 quaudo
1527 4953 1739 5013 minutius
1749 4956 1833 5026 pani·

187 5067 217 5104 n.
233 5063 258 5104 s.
1055 5055 1102 5099 tur
1131 5061 1160 5098 ιι.
1174 5056 1216 5097 ιι.
1230 5053 1273 5098 ιι.

152 5133 246 5204 Aqua
257 5129 444 5188 maniam.
459 5141 483 5185 t.
1021 5125 1212 5201 Quidquando
1223 5126 1493 5184 indeterminntsin.
1508 5134 1636 5200 tusspp.

157 5221 247 5285 Quum
256 5211 577 5283 dmirirsrriptoriiur.
593 5233 622 5270 n.
635 5226 659 5270 a.
847 5227 850 5236 ’
1020 5217 1162 5284 Quaenam
1177 5231 1234 5267 ιιοιι
1245 5212 1448 5266 sentinarum
1465 5221 1508 5265 st.

150 5301 312 5368 aij-muyans
324 5297 406 5368 iuius
416 5295 566 5353 ciuusrrlas.
580 5315 608 5352 n·
626 5311 649 5353 ι.
1017 5303 1066 5353 An
1082 5297 1153 5355 utta
1162 5297 1279 5354 semea
1290 5293 1497 5352 aeneadum?
1510 5311 1538 5348 n.
1552 5301 1595 5348 at.

153 5381 262 5451 artiqru'
269 5389 296 5434 rr
307 5379 408 5436 carnis·
419 5397 455 5432 an
467 5377 621 5448 dfflrcnt?
631 5401 660 5435 n.
674 5393 699 5436 ι.
1016 5385 1065 5438 Ars
1084 5382 1123 5437 sit
1140 5379 1231 5454 differ.
1249 5383 1323 5438 inter
1335 5390 1384 5438 ets.
1402 5379 1481 5436 dress
1501 5388 1530 5435 st
1550 5373 1717 5436 semmam?
1732 5391 1762 5430 ss.
1786 5384 1834 5442 tt.

155 5465 298 5533 owardo
313 5463 499 5520 mentam
509 5464 664 5522 clausulam
675 5463 857 5538 efferantia.
868 5479 897 5523 t.
1048 5483 1123 5540 seqq.

155 5547 298 5618 Quomodo
315 5547 471 5606 Germani?
481 5565 509 5602 ιι.
520 5558 546 5602 s.
1016 5549 1172 5616 Descriptio
1190 5545 1431 5619 bnimeiuusulu·
1444 5563 1474 5602 n·
1490 5555 1613 5618 narn.

154 5631 458 5691 Natarimmianau‘s
468 5632 659 5707 meternes
668 5632 820 5693 licentias.
836 5643 878 5690 ιο.
1020 5630 1158 5690 stemate
1168 5630 1365 5705 adsequenda
1376 5647 1406 5684 rr.
1421 5638 1463 5684 st.
