4236 6258
326 395 381 473 tsi
881 382 1068 442 unrursr.
1087 375 1313 438 nosrurn.
1853 344 1913 408 tut

280 506 401 566 totlitur
420 495 501 556 ueluti
520 489 622 564 siquis
640 486 672 542 sd
690 481 919 558 quinquennium,
939 491 963 532 et
980 496 1035 532 uun
1053 479 1095 530 ul·
1142 475 1213 544 ring·
1231 470 1258 525 d.
1276 488 1298 524 c.
1320 477 1364 524 2ο.
1381 471 1404 530 ς.
1428 471 1469 517 12.
1488 478 1516 514 rr.
1537 469 1579 514 22.
1596 454 1691 511 inrito·
1707 449 1786 508 enim·
1798 442 1967 502 beneficium*

278 597 336 654 iss,
354 602 403 658 pro
427 579 582 636 conductore
607 569 750 644 qnotsuuis
774 574 880 620 centurn
904 563 1014 616 locatori
1033 578 1096 632 pen-
1142 554 1306 618 uondstnrq
1324 553 1342 607 l.
1369 548 1454 605 inrito
1474 542 1567 614 sbff-
1586 543 1619 596 de
1637 557 1659 592 r.
1677 539 1750 593 i--uc
1767 535 1870 596 dicum,
1887 527 1966 599 quud

280 674 377 736 deute,
394 663 540 734 fidejubeat
564 668 594 713 ut
617 653 647 708 in
672 653 693 706 l.
708 649 736 705 si
756 668 818 706 cum
842 650 958 702 Hermes
980 655 1003 696 t·
1022 663 1044 697 c.
1062 643 1097 697 da
1144 639 1190 692 hic
1215 636 1337 692 odiosum
1362 633 1449 706 potius
1472 638 1501 682 st
1523 626 1704 698 periculosum
1730 621 1780 685 sit,
1801 619 1829 670 in
1847 611 1968 682 ancipiti

1245 737 1306 774 curn
1325 723 1399 788 juxt·
1417 709 1634 782 rulqstuusz-irus
1640 703 1689 776 stt·
1699 703 1806 766 subito,
1819 697 1865 769 qui
1879 694 1970 748 modo·

279 754 362 808 locat.
377 750 394 802 l.
407 747 472 802 item
484 739 690 816 quaeruntur.
708 742 731 798 ς.
748 732 795 805 qui
805 730 974 799 impletoms.
986 727 1035 782 ssd
1046 727 1098 780 boe
1145 732 1226 786 stare,

1380 799 1484 852 Cretera
1509 793 1578 847 sutis·
1598 789 1683 844 solide
1706 795 1793 839 tuetur
1810 785 1972 849 tingapaun.

279 833 328 888 ita.
338 831 387 903 ff.
399 833 474 884 locat
491 826 515 880 is
531 817 717 896 prineipslitcr
734 815 871 884 ‹testpme
889 810 1010 876 ridetur,
1027 807 1097 881 qnod
1146 807 1270 860 Croesus·
1287 811 1355 856 erat.

280 936 333 990 pro
349 912 504 988 quingentis
521 908 602 964 etism
621 905 687 958 ultre
708 899 921 970 quinquennium
947 896 1032 950 teneri
1052 913 1098 948 re·
1147 889 1174 942 d·
1191 887 1303 942 exercit.
1326 893 1365 937 tt.
1382 890 1477 952 quaest
1506 891 1531 932 2.
1551 874 1656 943 in-ap‘o.
1679 868 1779 926 cauier-
1803 865 1914 920 Faohiu.
1937 871 1969 913 2..

285 1009 337 1071 lit,
356 1018 410 1057 nou
430 1011 506 1051 sonus
524 1009 554 1045 se
571 989 595 1043 si
620 1002 687 1059 pure
710 981 903 1052 fidejussissets
920 999 978 1053 arg.
996 982 1015 1032 l.
1023 976 1099 1050 fide·
1147 983 1279 1026 contran-
1292 988 1316 1024 c.
1336 980 1379 1022 ss·
1397 966 1501 1020 eadem.
1512 961 1659 1036 Thressas.
1677 955 1703 1008 d.
1717 952 1798 1006 decis.
1815 959 1874 1002 12⁵.
1893 965 1923 999 η.
1939 955 1964 997 s.

1149 1073 1217 1113 sert»
1240 1072 1300 1128 pro*
1317 1051 1477 1108 aonaordiu.
1496 1047 1539 1100 Eu
1560 1044 1653 1097 eudrsu
1674 1041 1747 1092 laute
1772 1043 1874 1096 maun,
1892 1028 1964 1101 quoti
1984 1020 2036 1068 ΙΝ

1296 1177 1307 1204 ,
1331 1137 1376 1208 qni
1403 1153 1450 1206 pru
1474 1131 1624 1202 capii-neo,
1642 1123 1693 1178 uni·
1710 1121 1793 1176 csstri
1818 1114 1968 1170 custodissa

1477 1217 1512 1269 sd
1531 1223 1632 1268 sertum
1653 1218 1759 1274 ternpus
1778 1197 1930 1269 fidejussit,
1944 1195 1971 1248 si

278 1092 413 1163 jussores.
433 1091 482 1136 ss..
499 1074 523 1149 ᾗ.
546 1085 568 1127 2.
592 1073 611 1124 1.
630 1069 657 1123 si
674 1087 697 1124 a
710 1068 817 1122 colono.
839 1077 880 1118 bt.
905 1082 947 1136 pr.
959 1061 1102 1134 ffldpfi.

285 1173 385 1243 dejuss.
404 1167 423 1219 l·
441 1161 517 1237 quod
532 1175 613 1228 saepe
633 1166 675 1210 sb.
694 1161 716 1216 ς.
736 1164 761 1204 r.
780 1150 850 1207 verb·
869 1165 920 1202 nse
937 1147 1056 1202 interest.
1059 1143 1100 1216 ff
1150 1139 1291 1210 fidejussor

292 1259 326 1312 de
348 1250 472 1310 murat.
496 1253 576 1313 empt.
600 1241 657 1292 Hoc
681 1254 741 1290 cssu
766 1234 880 1304 abjectio
904 1233 1046 1302 temporisz
1070 1247 1100 1284 se
1149 1225 1275 1296 princeps
1292 1219 1459 1282 crediderat,

286 1360 339 1414 pru
359 1341 411 1393 boc
428 1331 523 1388 debito·
535 1327 608 1382 ultra
620 1321 836 1395 quinquennium
856 1315 944 1370 teneri
960 1314 1050 1370 nolle.-
1067 1314 1101 1366 tt·
1151 1309 1278 1381 princeps
1296 1307 1461 1377 capitaneum
1480 1302 1567 1370 elspso
1588 1289 1742 1351 terminoin
1756 1294 1844 1340 castro
1863 1280 1969 1333 diutius

1629 1397 1643 1430 s
1662 1375 1739 1444 culpe
1757 1369 1797 1424 vel
1815 1366 1875 1418 doto
1892 1361 1972 1416 emit·

285 1423 432 1484 iterationis
450 1414 630 1486 exceptionem
649 1403 796 1460 necessario
820 1409 960 1473 operitur,
980 1417 1015 1452 ne
1032 1399 1100 1452 ulio·
1151 1393 1298 1462 relinquat,
1318 1389 1437 1458 illudque
1456 1386 1534 1452 hujus
1553 1390 1628 1452 poste

291 1503 493 1586 qui-superflua
511 1499 560 1554 sit:
578 1496 604 1551 d.
622 1495 641 1546 l.
661 1502 703 1545 tt.
720 1487 744 1561 S.
772 1501 794 1541 t.
805 1485 847 1558 ff.
873 1486 908 1541 de
931 1485 986 1538 abl.
1004 1493 1030 1536 et
1048 1493 1101 1536 aut.
1151 1488 1246 1543 tetur,¹
1264 1493 1318 1529 nou
1343 1481 1477 1532 teneatur,
1496 1463 1619 1520 Gabriel.
1645 1460 1664 1512 l.
1684 1470 1707 1512 s.
1734 1454 1774 1508 tit.
1798 1447 1972 1519 defidep'uss.

204 1621 250 1668 m
279 1598 307 1668 ν1.
328 1606 370 1647 ts.
388 1598 410 1654 ς.
430 1582 507 1655 bff·
525 1582 593 1637 der.
612 1596 639 1631 o.
657 1584 679 1640 §-
698 1589 722 1629 s.
741 1572 803 1625 inst.
820 1569 881 1622 ead.
895 1567 950 1621 Neo
967 1564 1103 1635 obstat(²)
1150 1561 1268 1616 conclus.
1288 1570 1311 1610 s.
1331 1574 1357 1608 n.
1378 1565 1401 1608 t.
1421 1551 1493 1606 6211.
1513 1561 1538 1602 2.
1557 1524 1972 1600 212.-22..22..22..11221225..21.

288 1680 360 1757 qpod
378 1669 527 1754 prorogatio
545 1663 714 1722 iniuratum
733 1653 902 1727 fidejussoris
919 1661 1021 1724 rerqstq
1045 1652 1102 1703 lis·
1153 1660 1177 1696 a.
1199 1653 1249 1696 2ο.
1261 1647 1291 1705 ς..
1304 1649 1393 1692 tt..n.
1415 1645 1464 1689 ts..

944 1893 1189 1970 C'APUT
1233 1890 1306 1959 111..

590 2090 643 2158 De
665 2078 813 2154 cautelis·
830 2065 1083 2144 abundantibus
1104 2065 1198 2133 circa
1221 2058 1400 2126 literarum
1423 2035 1675 2143 obligationem.

531 2309 555 2362 b'
573 2307 602 2362 lt
615 2301 650 2357 di
665 2299 700 2352 tl!
713 2295 742 2350 A
759 2295 785 2350 11
803 2289 872 2346 IA'
1160 2269 1363 2342 discoquitianis
1380 2262 1553 2323 renunciatio
1572 2275 1610 2314 an
1631 2249 1771 2322 abundet?
1789 2255 1877 2301 22.-22.

1160 2354 1258 2409 Nudae
1275 2337 1679 2410 assertionicrcditorisfidem
1695 2331 1856 2406 promittere
1867 2317 1979 2378 cautelis
2062 2367 2064 2370 ,

296 2481 479 2548 denunciatio
496 2466 662 2546 exceptionis
680 2481 738 2519 non
756 2465 919 2516 numeratae
928 2447 1061 2521 pecuniae
1073 2454 1113 2500 est
1198 2437 1301 2492 abund.
1321 2445 1369 2487 est.
1389 2451 1419 2486 n·
1440 2441 1481 2484 st.

334 2568 444 2628 cautela
464 2557 618 2617 abundans.
637 2570 664 2604 n.
687 2559 710 2600 t.
730 2558 755 2597 2.
1160 2522 1313 2580 &lausulat
1331 2535 1361 2571 se
1378 2516 1445 2571 selle
1463 2529 1520 2568 esse
1530 2509 1671 2562 scelestum
1683 2511 1732 2556 etc.
1743 2508 1918 2566 supervacua
1930 2497 1978 2541 est.

299 2660 349 2713 An
364 2654 461 2724 jurata
479 2637 648 2712 renunciatio
669 2624 810 2686 abundet?
828 2641 856 2676 n·
875 2633 900 2674 t.
916 2635 990 2686 seqq.
1162 2605 1312 2656 Clausala:
1333 2601 1390 2668 Bes
1408 2595 1511 2647 Fil'rstl·
1532 2586 1721 2656 Graefflicisen
1733 2583 1842 2642 Binan,
1854 2585 1905 2627 etc·
1918 2569 1983 2642 quid

300 2732 448 2810 stipulari„
461 2730 490 2784 ‚⁰12
511 2719 703 2790 obligatione,.
720 2727 791 2778 quaa
813 2701 899 2752 literis
922 2693 1112 2758 eorstralsilur,
1198 2681 1394 2754 opereturi‘n.
1415 2688 1473 2729 22.·

1163 2767 1321 2822 tttausuta:
1339 2763 1387 2816 Iclr
1404 2759 1460 2813 nitt
1478 2756 1583 2809 meinen
1601 2753 1674 2808 Hals
1697 2747 1847 2800 uerlblrren
1877 2737 1980 2792 baben:

1097 2855 1116 2896 ‘-
1199 2859 1248 2903 eta.
1266 2858 1498 2912 estsupersacua.
1516 2857 1543 2889 n:
1563 2849 1606 2890 so.

1165 2933 1300 3006 sponsio,
1319 2949 1373 3002 qua
1386 2927 1458 2979 alter
1468 2921 1604 2975 cultellum
1618 2917 1692 2970 alter
1702 2909 1855 2965 auriculam
1868 2903 1983 2975 obligat,

1081 3023 1121 3078 ibi
1203 3037 1239 3073 an
1257 3027 1426 3084 superuacua
1443 3007 1501 3061 sit?
1519 3023 1548 3057 n.
1569 3012 1611 3053 tt.

1166 3102 1316 3160 Clausala:
1336 3094 1412 3149 salso
1425 3091 1488 3163 iure
1513 3085 1648 3149 aliorum,
1677 3078 1733 3132 nel·
1753 3072 1827 3128 tertii
1849 3070 1984 3128 abundat.

352 2991 359 3004 '
377 2997 396 3038 t.
416 3003 448 3035 n„
463 2991 489 3030 2.

305 3002 509 3133 {tiiscriptura
526 3053 556 3107 in
575 3051 719 3104 contractu
737 3033 844 3092 cautela
863 3027 1008 3086 abundans
1019 3035 1068 3092 ess,

335 3152 430 3210 sitium
447 3143 505 3214 ejus
523 3153 581 3190 non
598 3139 687 3184 nocet.
705 3142 732 3176 n.
752 3134 778 3174 2.
799 3128 839 3172 22.

307 3235 426 3312 Quando
443 3225 578 3296 scriptura
596 3215 632 3270 sit
649 3213 681 3266 de
688 3208 791 3280 jbrma
809 3198 989 3256 contractus?
1006 3215 1034 3250 n.
1056 3207 1096 3250 ru.
1203 3206 1231 3242 η.
1250 3195 1295 3240 cr.

273 3321 275 3328 ’
303 3321 466 3384 Au-clsarta
483 3307 606 3378 sigillata
624 3299 660 3352 sit
677 3295 709 3348 de
730 3285 886 3344 substantia
909 3291 1065 3338 contractus
1089 3277 1118 3332 in
1170 3265 1281 3325 Notarii
1298 3281 1348 3318 nea
1365 3257 1451 3314 nimis
1465 3255 1557 3310 multis
1575 3247 1705 3306 clausulis
1724 3243 1779 3309 uti,
1799 3252 1987 3294 nacneoessa-

339 3401 424 3467 tacis,
442 3394 539 3468 quibus
557 3399 622 3442 usus
639 3379 698 3450 ep'us
716 3371 844 3429 obtines?
861 3386 889 3420 n.
912 3377 953 3418 rs.
1205 3353 1263 3406 rias
1281 3349 1406 3404 omittere
1424 3344 1529 3399 debens.
1548 3358 1575 3391 n.
1596 3347 1638 3389 ss.
1655 3343 1700 3386 ss.

307 3494 448 3560 Quatenus
465 3477 531 3532 olim
550 3472 705 3524 contractus
715 3454 809 3526 scripti
819 3447 950 3522 suerint?
968 3465 995 3500 n.
1017 3455 1058 3499 ts.
1079 3448 1120 3494 tt.
1169 3432 1368 3492 substantialia
1387 3449 1425 3484 au
1441 3445 1490 3501 per
1505 3424 1653 3480 dictionem
1672 3426 1721 3473 stc.
1739 3412 1859 3468 ueniant.
1877 3429 1913 3464 ne
1927 3419 1970 3463 tn.

304 3568 410 3631 Baeilli
423 3561 485 3634 fissi
500 3555 637 3628 pertinent
655 3545 695 3602 ad
711 3543 902 3598 iustrumenta.
921 3549 948 3585 n.
971 3542 1011 3583 ts.
1174 3527 1245 3592 Quot
1264 3529 1343 3572 testes
1359 3516 1388 3569 in
1407 3507 1595 3567 instrumentis
1614 3497 1762 3558 necessarii
1777 3495 1858 3549 sinti
1875 3511 1903 3546 n.
1919 3502 1964 3545 ts.

304 3655 470 3717 laudantur
484 3646 632 3698 Succorum
649 3624 807 3687 calendaria
825 3618 930 3675 runica.
947 3633 974 3667 n.
991 3624 1032 3666 tu.
1172 3609 1219 3660 An
1236 3603 1343 3657 testium
1361 3594 1557 3653 abundantium
1570 3588 1663 3644 sitium
1675 3590 1776 3638 noceat
1786 3573 1993 3631 instrumento?

232 3719 237 3726 '
307 3747 358 3800 An
375 3731 485 3792 caratela
503 3719 606 3782 abund·
623 3717 677 3782 sit,
695 3712 879 3766 instrumenta
904 3701 934 3754 in
957 3713 1132 3770 pergamena
1208 3706 1235 3740 n.
1255 3695 1295 3740 tr.
1314 3701 1385 3752 seqq.

1177 3772 1295 3844 Quando
1311 3760 1470 3830 subscriptio
1488 3755 1618 3812 debitoris
1639 3745 1779 3807 abundet?
1798 3762 1824 3796 n.
1846 3753 1888 3794 bu.
1901 3751 1944 3794 22.

344 3817 449 3878 scribi?
466 3832 495 3867 u.
518 3819 558 3861 rr.

306 3905 472 3970 Chimaer
490 3908 561 3966 im
580 3882 652 3941 ”⁸7¹3
668 3893 737 3952 ⁰1²0!
736 3885 822 3933 ΜΨ
828 3909 836 3940 2
854 3879 919 3927 '¹⁰²²
930 3879 1135 3937 ‘utillimae-1
1179 3861 1239 3928 Qeso
1257 3854 1370 3912 rudiara
1388 3847 1509 3917 insignia
1518 3882 1527 3910 ‚
1540 3861 1572 3897 eo
1586 3836 1754 3909 antiquiores
1762 3827 1899 3901 Jtrmittae
1912 3840 1997 3894 prae·

1211 3949 1364 3998 sarmatas.
1377 3954 1406 3991 rs.
1427 3944 1470 3985 bt.

309 4001 461 4137 utinsilia
478 4061 549 4119 niliil
564 4053 620 4112 nisi
634 4049 707 4125 quod
715 4045 783 4118 p'ura
795 4039 958 4112 inponunt,
971 4029 1125 4088 abundaui-
1178 4033 1211 4084 In
1228 4029 1409 4158 instrumerqto
1426 4008 1687 4089 publico-'debitoris
1704 4015 1732 4062 et
1749 4001 1860 4058 testium
1876 3993 1999 4053 subscri-

1214 4113 1273 4184 ptio
1293 4111 1366 4164 abun
1389 4115 1426 4156 at.
1446 4121 1475 4156 n.
1495 4109 1537 4152 tt.

312 4168 496 4308 Re'iiruiiiatio
515 4229 566 4286 scti
584 4213 781 4279 macedoniani
798 4207 930 4267 abundat.
951 4221 979 4256 n.
1000 4211 1043 4254 2ο.
1156 4249 1157 4254 ,
1178 4190 1352 4265 Subsignatia
1372 4183 1535 4258 regulariter
1552 4190 1592 4234 est
1609 4174 1719 4232 cautela
1737 4169 1894 4226 abundans.
1912 4181 1940 4217 n.
1956 4174 2001 4216 ss.

309 4322 459 4402 Expressio
477 4313 679 4374 clausularum,
698 4317 767 4372 quae
777 4307 884 4363 semper
896 4285 1004 4360 apponi
1013 4296 1129 4340 consue·
1179 4277 1245 4332 Diri
1263 4273 1379 4344 adiectio
1399 4263 1572 4324 absradarin
1590 4259 1780 4329 chirographa.
1799 4271 1829 4306 n.
1848 4262 1891 4304 ts.

349 4427 410 4476 tae,
430 4401 560 4463 abundat·
579 4413 607 4448 n.
627 4401 672 4443 22.
686 4401 759 4454 seqq·
1178 4361 1252 4418 true
1268 4357 1374 4411 vitiosa
1393 4349 1449 4407 diei
1466 4345 1580 4420 adjectio
1593 4363 1654 4399 noss-
1679 4339 1766 4396 ss'tiat'
1781 4331 2001 4406 cldrograplsum.

312 4488 545 4557 Renunaiutiones
562 4471 703 4552 generales
720 4462 872 4521 abundsus.
893 4474 920 4510 n.
942 4463 983 4506 st.
1216 4461 1246 4499 n,
1267 4452 1310 4495 bt.

317 4576 449 4640 clausula
467 4569 591 4640 adjecta:
610 4567 640 4614 ut
654 4543 849 4628 proveapressis
864 4542 1030 4596 iubeantur.-
1044 4531 1131 4587 abun·
1184 4527 1265 4587 Utilis
1281 4535 1373 4580 tamen
1392 4513 1505 4573 esrdiei
1521 4507 1669 4580 expressio.
1686 4523 1713 4560 n.
1735 4515 1777 4558 ss.

1180 4613 1249 4672 Loci
1265 4605 1403 4677 expressio
1423 4619 1460 4656 an
1479 4594 1623 4654 abundet?
1641 4610 1669 4644 n.
1690 4601 1733 4643 st.

318 4667 575 4824 Qtiiiiiipiriirali
592 4719 801 4786 renunciatione
819 4705 953 4778 rescriptis
971 4703 1075 4758 inserta
1086 4695 1132 4769 iu·
1180 4689 1373 4795 Cluiqograplso·
1392 4685 1497 4742 reddito
1517 4701 1556 4738 an
1574 4689 1772 4749 superuacuum
1797 4667 1850 4734 sit,
1875 4665 2004 4739 quietan-

1013 4868 1136 4927 bundeti
1185 4775 1369 4935 Artumq'iiiihad
1380 4771 1520 4925 Psspnocliaom
1537 4847 1659 4905 dandam
1676 4841 1738 4915 copi
1753 4833 1869 4907 possiti.
1888 4849 1917 4887 n.
1941 4845 1986 4888 22.

1183 4952 1307 5008 Causam
1325 4937 1506 4996 liberationis·
1516 4931 1667 5004 exprimere
1686 4945 1724 4985 an
1743 4923 1773 4977 in
1791 4921 1900 4993 amaia
1912 4917 2005 4974 abun·

792 5051 804 5068 O·

316 5037 520 5164 upeiiatiistma
538 5061 711 5127 renunciatio·
722 5069 823 5114 omme

319 5177 469 5314 crzgipiie
484 5241 723 5304 insolitamque,
1185 5139 1355 5250 Litersrum
1371 5183 1530 5258 obligationi
1553 5181 1684 5235 calamum
1715 5173 1864 5246 epponeuti
1886 5167 2008 5226 occurrit
2064 5169 2073 5209 t

355 5335 462 5392 tendae.
481 5347 509 5383 n.
530 5335 573 5380 22.
1186 5285 1208 5336 1.
1225 5275 1404 5335 Renunciatio
1421 5265 1586 5340 «neptunia
1606 5280 1658 5316 non
1683 5267 1837 5314 numeratae
1861 5257 2008 5328 pecuniae,

1043 5390 1135 5446 super-
1166 5397 1167 5406 1
1183 5383 1250 5438 quse
1267 5374 1321 5416 turn
1340 5379 1355 5411 s
1374 5365 1449 5429 purte
1466 5347 1641 5406 debitoris-iu
1653 5343 1844 5414 chirographo,
1856 5356 1935 5411 qum
1950 5353 2009 5392 era.
2066 5339 2079 5379 2

1186 5445 1284 5503 «litoris
1303 5444 1332 5494 in
1351 5437 1450 5510 epoche
1467 5433 1568 5489 csutels
1579 5427 1716 5484 abundius
1729 5435 1786 5490 est;
1800 5434 1828 5478 et
1840 5423 1883 5495 (t)
1894 5421 2006 5492 quidam

323 5579 509 5648 Renunciatia
537 5526 725 5647 productionis
755 5551 899 5628 ortptnattr
928 5565 965 5603 an
996 5537 1137 5600 abundet?
1185 5553 1203 5590 e
1216 5539 1292 5602 parte
1308 5521 1442 5578 debituris
1462 5515 1623 5588 tripliciter:
1642 5511 1683 5582 (t)
1702 5527 1759 5564 non
1781 5505 1848 5561 iactu
1874 5521 2006 5559 numeru·-

1184 5616 1271 5674 tione;
1292 5622 1348 5665 tura
1366 5605 1438 5660 enirn
1452 5601 1498 5654 illa
1511 5616 1564 5652 nou
1573 5597 1699 5651 obstante
1711 5587 1913 5646 renunciatione
1927 5585 2004 5640 iutra

1130 5746 1136 5762 .
1185 5697 1325 5752 biennium
1343 5689 1464 5762 legitime
1481 5681 1583 5758 opponi
1604 5687 1708 5752 potest,
1721 5677 1784 5733 tob.
1799 5669 1927 5728 Schnett.
1940 5671 1978 5741 qd
1989 5679 2009 5722 t.

1187 5785 1250 5841 inst.
1267 5779 1302 5836 ds
1316 5779 1356 5834 tir.
1375 5775 1429 5834 abt.
1447 5789 1477 5828 n.
1499 5781 1540 5824 22.
1560 5767 1673 5837 huget·
1692 5763 1726 5820 dc
1739 5765 1845 5831 sarept.
1856 5763 1932 5828 part.
1948 5763 1972 5808 t.
1984 5769 2009 5806 e.

735 5234 761 5280 et
771 5221 874 5293 legibus
886 5209 1044 5272 contrariae
1056 5207 1137 5262 osni·
