4404 6242
738 277 1071 355 nisenrarto
1096 277 1306 360 ΒΕΕΙΜᾹ
1332 281 1559 378 ann'rn

533 519 668 630 Μ
722 515 1022 629 attan
1078 517 1768 646 aemunitatis

832 772 887 814 Dll
909 771 1004 814 Ulli.
1028 771 1101 816 w.
1124 773 1154 818 Δ.
1179 774 1212 818 0.
1235 774 1268 817 R·
1293 775 1479 820 unctum.

954 932 1348 978 ΒΙΗΟΙΙΗΗΙ

665 1069 763 1140 1011.
787 1067 1030 1138 GOTTLIEB
1054 1069 1307 1138 SCHILLING
1332 1069 1502 1140 Denso.
1526 1071 1645 1144 bllSN.

873 1256 1431 1301 ——uemo—-s-

996 1431 1293 1504 INGRESSUS.

315 1637 489 1764 Famam
513 1691 609 1759 robis
631 1687 770 1758 videbor
793 1683 959 1762 rendere,
981 1678 1024 1748 de
1047 1679 1147 1748 sarno
1170 1693 1303 1748 acturus
1326 1685 1473 1774 publice.
1490 1689 1627 1758 Etenim
1644 1717 1686 1760 ex
1700 1694 1800 1761 lurno
1815 1717 1882 1762 nnn
1899 1696 1996 1764 alind

315 1811 416 1878 quam
441 1787 556 1852 snmus
579 1779 690 1872 prodit
705 1793 736 1844 et
755 1777 873 1867 fuligo.
897 1771 1028 1838 Inferni
1054 1772 1234 1863 imaginem
1260 1773 1382 1844 furnus
1405 1779 1505 1844 refert
1517 1835 1528 1864 ,
1551 1783 1635 1850 adeo
1659 1785 1802 1874 l'uligine
1826 1790 1995 1878 nigricant

315 1877 433 1968 adyta,
457 1877 551 1940 intus
574 1883 703 1962 praeter
724 1867 889 1934 flammam
914 1880 948 1928 et
969 1873 1100 1928 aestum
1121 1877 1255 1952 apparet
1280 1865 1388 1948 nihil,
1412 1882 1443 1933 et
1469 1871 1504 1936 in
1528 1874 1658 1938 aethera
1684 1875 1849 1941 fumantes
1864 1893 1995 1944 eructas

287 1959 290 1966 ’
320 1966 443 2033 furnus
460 1966 577 2030 nubes.
598 1959 692 2024 Adeo
713 1976 801 2024 torva
820 1956 933 2035 facies,
950 1951 1033 2043 quid
1051 1953 1086 2016 in
1104 1975 1232 2018 recessu
1256 1953 1307 2018 rel
1330 1960 1427 2043 pretii
1450 1957 1551 2026 babet
1571 1963 1621 2028 vel
1646 1965 1841 2054 voluptatis,
1860 1969 1902 2034 de
1923 1991 1996 2058 quo

316 2057 415 2122 scribi
441 2047 631 2121 mereatur?
653 2050 701 2114 Ut
722 2047 833 2114 sordes
855 2046 991 2123 sileam,
1014 2041 1140 2132 quibus
1163 2041 1410 2131 inquinantur,
1433 2073 1519 2139 quos
1548 2051 1668 2120 furnus
1690 2069 1830 2120 exercet.
1859 2057 1998 2124 Dixi—ris

257 2143 271 2152 ’
316 2146 530 2236 fuliginosam
557 2141 687 2206 vulcani
713 2138 891 2217 familiam,
916 2137 961 2198 ita
983 2131 1159 2222 nigredine
1179 2157 1296 2197 marius
1311 2147 1344 2198 et
1362 2137 1472 2204 vultus
1496 2152 1676 2232 teguntur,
1701 2159 1732 2210 et
1755 2169 1856 2211 omine
1877 2171 1999 2237 corpus

320 2238 365 2299 ita
392 2237 526 2324 pulvere
548 2230 698 2296 obsitum
721 2242 789 2310 est,
813 2245 850 2293 ut
873 2248 957 2291 nora
986 2221 1091 2290 veluti
1114 2233 1189 2287 cute
1213 2224 1385 2289 incrustari
1408 2246 1601 2318 appareant.
1626 2233 1768 2326 lnsupcr
1792 2249 1961 2328 tamquam
1978 2263 1999 2302 a

317 2327 468 2416 gigantea
495 2337 703 2410 superessent
726 2318 903 2410 progenie,
928 2315 972 2380 ita
997 2313 1145 2378 humeris
1167 2323 1201 2376 et
1225 2312 1369 2379 brachiis
1392 2317 1525 2402 valent,
1549 2321 1679 2388 robusti
1707 2349 1871 2391 saccorum
1895 2341 1929 2392 et
1955 2328 1999 2392 li-

318 2437 457 2506 gnorum
483 2425 686 2504 [ertatoresr
711 2411 754 2474 ita
779 2419 930 2487 censent,
954 2403 1014 2496 qui
1032 2403 1066 2467 in
1082 2401 1201 2478 cortice
1224 2401 1396 2468 haerentes
1413 2429 1479 2471 non
1498 2411 1669 2504 attingunt
1685 2415 1854 2480 nucleum.
1873 2417 1997 2482 Enim·

322 2526 400 2568 vero
423 2514 579 2594 appareat
605 2519 693 2567 torua
724 2499 815 2564 lurni
847 2499 964 2582 facies,
987 2503 1167 2582 appareant
1196 2491 1320 2557 sordidi
1344 2501 1418 2582 ejus
1442 2497 1591 2580 labores,
1614 2513 1646 2568 et
1673 2505 1758 2571 inlra
1785 2509 1996 2574 tractationis

318 2593 568 2684 dignationem,
592 2614 765 2682 nunquam
791 2604 901 2654 tamen
926 2610 943 2652 a
970 2583 1098 2672 magnis
1119 2580 1202 2647 Jctis
1225 2579 1331 2647 habiti
1356 2597 1435 2650 suist
1460 2589 1642 2681 neglectui,
1659 2617 1718 2660 nec
1734 2608 1770 2660 ut
1787 2594 1902 2662 haberi
1920 2621 1997 2685 pos-

317 2687 409 2764 sint,
434 2685 518 2752 vitae
540 2684 726 2750 communis
750 2680 914 2772 permittit
937 2673 1110 2740 necessitas
1131 2683 1182 2738 eet
1204 2695 1295 2738 usus.
1319 2672 1390 2763 Qui
1417 2677 1451 2740 in
1476 2703 1593 2761 suam,
1617 2684 1680 2773 qui
1706 2683 1742 2750 in
1765 2686 1916 2750 ninnium
1942 2688 2000 2752 in·

319 2787 435 2838 tuetur
457 2773 757 2852 conservationem,
782 2769 907 2836 nescire
931 2789 998 2831 non
1023 2773 1151 2853 potest,
1173 2781 1340 2849 quantum
1364 2764 1418 2832 liic
1441 2767 1551 2834 furnis
1572 2771 1753 2858 debeatur,
1778 2791 1817 2838 ut
1845 2775 1944 2855 hinc,
1968 2778 1996 2841 si

321 2889 339 2926 a
363 2864 529 2954 dignitate
553 2886 625 2927 rem
647 2863 821 2940 aestimes,
843 2859 949 2948 caepti
974 2855 1037 2922 mei
1062 2873 1129 2916 non
1153 2849 1244 2953 ‘³⁶⁵ll.
1263 2855 1356 2919 ratio.
1381 2855 1453 2920 lmo
1478 2881 1585 2947 pone,
1608 2885 1677 2927 rein
1704 2866 1804 2930 rilem
1828 2889 1897 2930 esse
1922 2867 1997 2930 sur·

319 2977 424 3035 num,
450 2953 550 3018 vilius
574 2973 685 3017 nonne
710 2951 769 3016 hoe
792 2949 1027 3023 necessarium,
1053 2963 1164 3006 nostrie
1190 2941 1321 3008 viliores
1344 2947 1467 3024 suarii,
1484 2947 1665 3038 dequibus
1688 2967 1825 3020 tractare
1850 2956 1998 3045 impera.

319 3057 424 3108 torem
442 3065 508 3107 non
526 3044 657 3133 puduit.
683 3041 770 3107 Vilis
784 3053 831 3106 est
847 3039 953 3131 gallus
974 3033 1191 3125 gallinaceus,
1207 3031 1370 3121 judicium
1397 3052 1506 3102 tamen
1523 3039 1619 3106 illurn
1643 3046 1842 3125 exercuisse,
1859 3070 2000 3137 magnae

319 3133 525 3200 auctoritatis
547 3135 642 3201 Jctus
664 3132 758 3198 testis
781 3144 853 3217 est,
871 3141 908 3194 nt
925 3142 1068 3202 taccam,
1089 3119 1132 3185 de
1155 3119 1270 3185 lelium
1295 3125 1500 3216 quandoque
1525 3130 1749 3198 vindicatione
1768 3152 1926 3200 certatum
1943 3160 1998 3202 es·

319 3251 362 3292 se.
387 3223 502 3313 Neque
526 3235 592 3289 tam
616 3247 632 3288 a
657 3247 711 3303 sc,
735 3245 837 3314 quam
861 3218 905 3286 ab
926 3215 1046 3283 effectu
1068 3233 1119 3276 res
1142 3212 1370 3295 aestimanda,
1395 3241 1498 3370 quern
1524 3225 1839 3307 praestantissimum
1870 3226 1997 3292 babent

320 3316 435 3395 lurni,
464 3337 595 3380 causam
626 3313 827 3379 tractationis
854 3310 956 3400 hujus
981 3305 1058 3371 satis
1086 3317 1331 3404 praegnantem.
1362 3304 1485 3371 Aesto
1513 3310 1673 3401 itaquel.
1698 3315 1731 3378 b.
1756 3331 1786 3379 et
1813 3329 1995 3406 postquam

319 3407 439 3494 legeris
470 3403 553 3470 hanc
581 3403 867 3480 dissertationem,
890 3422 933 3465 an
961 3394 1056 3549 (1ῐὲῃί
1085 3401 1279 3459 tractatione
1308 3394 1400 3462 lurni
1432 3397 1585 3480 luerint,
1616 3401 1740 3492 judica.
1770 3404 1870 3471 Certe
1901 3431 1996 3474 coar·

320 3511 402 3561 ctata
436 3495 580 3562 multum
603 3512 654 3560 est
674 3493 908 3559 exercitiorum
936 3511 990 3554 aea
1015 3485 1385 3584 cmicorummateria,
1407 3487 1489 3552 adeo
1513 3507 1622 3556 tamen
1649 3495 1912 3584 jurisprudentia
1936 3523 1995 3564 ex·

319 3586 435 3652 hausta
461 3585 609 3650 nondum
633 3601 702 3663 est,
726 3585 811 3674 quin
836 3579 1010 3645 inveniant
1032 3593 1180 3672 semper,
1206 3593 1240 3635 tn
1264 3597 1334 3664 quo
1356 3593 1573 3645 exerceantur
1601 3580 1794 3672 liequentes
1821 3583 1998 3655 Tlieruidis

319 3677 473 3742 cultores.
491 3673 632 3758 Fateor,
650 3671 850 3740 ridebantur
875 3669 968 3736 lurni
991 3667 1100 3755 primo
1124 3661 1252 3763 rtttuitu
1280 3679 1409 3754 praeter
1433 3671 1562 3734 l'umum
1587 3673 1800 3761 suppeditare
1824 3675 1922 3756 nibil,
1941 3704 1997 3743 re-

319 3790 395 3831 rum
424 3789 488 3830 non
514 3765 616 3832 habui
641 3787 828 3846 necessum,
852 3759 980 3826 affaniis
1002 3771 1038 3821 et
1065 3753 1156 3853 tricis
1181 3751 1308 3841 replere
1336 3757 1483 3838 chartas,
1507 3760 1561 3824 sed
1587 3761 1676 3852 quod
1710 3763 1744 3828 in
1774 3764 1853 3854 ipsis
1884 3791 1996 3835 rerum

319 3855 449 3922 obtinet
471 3855 674 3946 argumentis
697 3872 731 3919 et
753 3852 867 3918 inveni
894 3851 1032 3941 passim,
1056 3855 1088 3910 et
1112 3837 1168 3904 htc
1186 3857 1311 3942 111110,
1338 3869 1399 3935 pro
1422 3872 1459 3914 co
1482 3849 1618 3940 quidem
1644 3852 1760 3934 modo,
1784 3879 1885 3944 quem
1914 3860 1996 3924 riri·

319 3946 385 4010 bus
408 3963 441 4011 et
464 3947 599 4038 ingenio
628 3945 724 4011 Deus
752 3943 932 4023 concessit,
963 3961 1066 4028 quem
1098 3927 1249 4032 infinitae
1284 3937 1389 4024 ipsius
1417 3937 1611 4004 clementiae
1637 3941 1754 4009 devota
1783 3947 1998 4034 gratitudinis

321 4035 479 4102 memoria
509 4053 677 4126 acceptum
706 4033 824 4102 relero.
850 4032 906 4100 'l'u
930 4051 1028 4109 vcro,
1052 4026 1076 4092 l.
1101 4025 1136 4090 b.
1160 4043 1187 4086 ει
1211 4043 1278 4092 non
1304 4026 1518 4117 probareris,
1542 4030 1703 4098 invidiose
1732 4050 1840 4100 nmen
1866 4061 1909 4101 ue
1932 4041 1997 4104 im-

319 4125 458 4215 probes,
485 4128 594 4194 velim.

1010 4299 1259 4372 CAPUT
1305 4296 1335 4364 1.

774 4483 968 4554 Generalis
992 4483 1034 4553 de
1047 4485 1134 4574 jure
1145 4487 1341 4574 furnorum
1364 4479 1539 4550 exbibens.

554 4677 577 4728 S
596 4677 624 4730 U
640 4673 672 4726 dl
688 4673 725 4728 d!
739 4673 767 4726 A
786 4674 892 4727 11111
1184 4665 1314 4722 attam
1326 4663 1430 4734 quidet
1440 4661 1577 4732 quomado
1591 4661 1708 4731 asmo
1721 4663 1855 4735 differat?
1868 4689 1897 4722 η.
1915 4685 1959 4726 tt.

1187 4745 1346 4802 Clibnnnn'i
1356 4746 1490 4816 paridem?
1501 4765 1528 4799 n.
1546 4757 1587 4803 ta.

318 4841 521 4911 Disputatiom's
532 4841 674 4912 ingrersus.
689 4861 717 4896 n.
735 4852 757 4899 t.
1184 4828 1353 4899 Desomwe
1362 4841 1388 4884 et
1401 4831 1523 4886 camino.
1536 4851 1563 4884 n.
1580 4842 1620 4884 ts.

319 4927 496 4994 Ia'tynrologiu
504 4927 583 4996 juris.
597 4945 622 4980 n.
638 4938 660 4978 2.
1181 4919 1368 4970 Boccare-rtur
1377 4912 1618 4983 unncsnrrrornm
1630 4932 1743 4986 genere.
1758 4933 1786 4968 n.
1805 4928 1846 4970 tt.

318 5009 541 5080 significationes
554 5012 618 5082 ejus.
632 5033 660 5067 n.
677 5025 700 5067 t.
1181 4998 1318 5052 Fumflss'l
1327 4999 1464 5065 quinem?
1475 5017 1504 5050 1¹·
1521 5010 1558 5051 18-

317 5093 487 5146 histriones,
501 5111 529 5146 η,
546 5107 569 5148 t.
1179 5079 1533 5149 Fomncnrinsnsnrnnrin
1547 5080 1906 5152 dffnmtetsornaratnr.
1915 5109 1945 5142 n.
1958 5105 2000 5144 ss.

316 5178 471 5230 Acciana
482 5197 553 5232 iso.
567 5179 670 5236 arato.
683 5199 709 5234 n.
723 5195 747 5236 s.
1180 5166 1321 5220 Ferraria
1332 5163 1417 5235 ruit?
1431 5183 1458 5216 n·
1475 5177 1514 5216 n.

315 5263 451 5333 Definitio
460 5263 539 5332 juris.
550 5283 577 5317 η.
590 5279 614 5318 s,
1181 5248 1236 5300 Jns
1236 5245 1327 5317 furni
1336 5247 1503 5301 describitur.
1516 5265 1544 5300 n.
1563 5260 1604 5302 tt.

315 5345 473 5398 Divuionss
486 5345 513 5398 in
520 5346 569 5416 jus
580 5348 608 5402 in
622 5365 650 5402 re
662 5359 689 5403 ,ι
699 5350 811 5406 adnm,
827 5368 854 5404 η,
867 5359 891 5402 7,
1180 5339 1228 5388 An
1241 5335 1278 5386 ad
1291 5331 1396 5401 repulia
1407 5332 1564 5398 pertinent?
1575 5351 1602 5386 n.
1619 5345 1659 5386 ts.

315 5431 428 5484 Furnos
439 5431 606 5486 describitur.
619 5451 644 5484 n.
658 5447 683 5488 s.
1179 5417 1292 5473 Decisio
1310 5417 1478 5487 quererdonr's
1495 5417 1575 5487 nujus
1593 5437 1630 5474 ee
1646 5422 1735 5477 secali
1748 5423 1870 5480 morian
1886 5426 2000 5494 snbj'cr‘·

315 5515 387 5584 Ejus
400 5515 540 5569 derivatio.
552 5537 578 5569 n.
594 5531 617 5571 s.
1217 5512 1270 5556 ‘ttr-
1281 5521 1310 5553 ⁷¹·
1329 5509 1371 5554 ²⁰·

314 5597 647 5670 Destrrncrcetfinnice.
664 5620 691 5657 n.
710 5615 751 5659 ta.
1181 5593 1467 5654 AnsitssrvitnsPn.
1481 5605 1523 5649 11.
