4338 6240
352 249 403 320 ιη
909 246 1355 310 nrsrorar.xn.ctrurr.
1873 257 1924 314 sat

304 372 394 432 aare,
417 359 451 416 et
474 371 514 414 err
539 345 680 438 pmtods
701 343 754 415 sui
778 345 901 414 scrinio
923 347 1001 414 alias
1023 350 1223 414 substituere
1248 349 1358 438 possit.
1384 347 1420 416 Si
1445 349 1651 442 privatorum
1674 355 1792 423 rationi
1812 353 1898 422 idem
1921 351 1981 422 dt·

302 465 433 518 ternus,
451 440 562 529 plures
587 437 785 506 haberemus
808 440 917 531 legum
944 439 1079 520 latores,
1103 461 1204 529 qnam
1229 442 1464 507 observatores.
1490 443 1631 513 interest
1659 469 1736 538 ergo
1763 447 1912 535 publice,
1937 469 1982 513 na

302 535 410 602 cuivis
433 531 499 596 sibi
527 534 650 620 justum
676 553 735 621 pro
759 530 879 621 placito
909 529 1054 622 fingendi
1081 531 1211 596 licentis
1243 532 1308 616 sit,·
1340 530 1396 597 sed
1420 530 1462 596 ad
1487 535 1632 626 regulam
1656 553 1776 603 certam
1803 533 1981 603 revocandi

301 646 441 703 omnes,
473 621 527 688 eui
557 621 661 712 parile
694 632 860 710 praestent
892 621 1108 712 obsequium.
1137 619 1227 686 lianc
1254 643 1328 684 sero
1361 620 1506 713 regulam
1542 626 1765 716 ignorantem,
1788 630 1867 718 quia
1889 644 1980 692 extra

300 712 525 804 turpitudinis
550 729 657 776 uotam
682 711 875 798 collocaret3
899 712 976 801 quis
998 711 1137 802 dignum
1163 709 1295 800 republ.
1319 711 1424 776 civem
1451 717 1703 803 pronunciaret,
1727 717 1779 784 cui
1807 717 1981 783 uinculum

300 803 404 886 illud,
431 825 500 896 quo
523 803 610 870 salsa
636 825 688 868 res
711 819 773 868 stat
797 801 951 894 publica,
969 801 1187 893 incognitum.
1216 799 1347 866 Etenim
1372 802 1397 866 si
1424 801 1545 868 iactum
1573 809 1742 896 proprium
1763 809 1912 898 ignorare
1931 807 1981 872 ias

301 921 368 964 non
389 913 461 976 est,
484 919 553 986 quo
577 896 651 984 jure
675 891 754 959 iacta
781 893 862 981 reip.
886 890 998 983 qualia
1023 905 1101 958 suut
1126 890 1232 982 leges,
1258 893 1436 982 ignorabit.
1463 894 1536 984 lpse
1558 902 1647 961 enim
1673 900 1860 963 membrum
1886 896 1980 962 illius

299 987 427 1080 mystici
451 987 595 1076 corporis
618 983 699 1074 reip.
724 1001 792 1060 est,
816 981 894 1049 ltine
917 983 1061 1048 alienum
1091 980 1159 1047 diei
1192 983 1330 1071 nequit,
1355 981 1448 1074 quod
1478 985 1546 1072 ipsa
1582 985 1687 1052 soluit
1713 1011 1797 1078 resp.
1825 987 1980 1066 Verum,

300 1103 375 1146 cum
402 1099 467 1142 non
493 1077 528 1141 in
552 1076 643 1142 omni
669 1075 737 1140 loco
761 1072 878 1139 iisdem
905 1075 1036 1139 riratur
1060 1071 1212 1162 legibus,
1236 1072 1292 1136 has
1315 1074 1461 1138 maxime
1485 1097 1575 1140 nome
1598 1077 1757 1154 interest,
1773 1101 1856 1169 quas
1873 1076 1980 1164 patria

300 1180 421 1236 serrat.
449 1165 578 1234 Patriae
600 1165 760 1232 debemus
785 1163 960 1228 maximam
986 1161 1089 1230 nostri
1116 1175 1266 1252 partem,
1290 1160 1467 1254 eidemque
1493 1165 1667 1254 praecipue
1691 1192 1807 1234 snmus
1823 1168 1983 1252 uatiqer·

299 1283 342 1352 go
367 1273 404 1325 ut
429 1259 553 1348 jurium
576 1257 613 1322 in
639 1257 742 1347 patria
768 1266 973 1342 receptorum
996 1253 1091 1342 gnari
1125 1252 1247 1330 simus,
1272 1275 1399 1318 summa
1427 1251 1581 1344 efflagitat
1604 1257 1698 1325 ratio·
1724 1255 1823 1346 Quod
1849 1281 1981 1322 mecum

300 1351 449 1443 penitius
474 1345 704 1438 perpendens,
730 1367 798 1410 non
822 1341 881 1408 diu
905 1340 1160 1409 deliberandum
1185 1339 1274 1420 suit,
1297 1365 1367 1432 quo
1389 1346 1579 1434 argumenti
1595 1369 1715 1436 genere
1732 1349 1858 1438 patriae
1876 1369 1984 1430 meae,

299 1441 449 1532 ejusdem
477 1461 518 1504 ue
543 1437 752 1527 proceribus,
775 1433 883 1498 studia
901 1457 970 1500 mea
987 1432 1245 1523 qualiacumque
1270 1431 1455 1521 probarem.
1478 1433 1578 1499 Nolui
1596 1439 1778 1528 peregrinis
1802 1455 1860 1504 aut
1882 1437 1981 1504 obso-

300 1529 376 1596 letis
399 1465 533 1621 jnrilnts
550 1540 679 1616 tempus
702 1547 917 1602 consumere,
941 1523 997 1590 sed
1021 1521 1201 1588 domestico
1223 1519 1367 1588 themate
1389 1547 1441 1588 me
1458 1547 1548 1590 meae
1565 1545 1850 1618 patronorumque
1866 1526 1983 1594 inten-

301 1621 387 1686 tioni
412 1618 657 1685 satisfacturum
680 1615 880 1680 existimari.
905 1613 1036 1680 Scilicet
1060 1624 1092 1678 et
1118 1611 1199 1677 mihi
1226 1625 1323 1700 turpe
1338 1635 1406 1678 esse
1429 1612 1534 1695 dtrxi,
1563 1621 1633 1701 'us‚
1658 1618 1694 1682 in
1719 1643 1788 1708 quo
1812 1639 1981 1698 versarer,

299 1710 475 1802 ignorasse.
497 1709 711 1796 Quapropter
745 1705 1012 1795 pignorationum
1048 1706 1143 1792 jura,
1172 1725 1237 1768 nou
1264 1703 1438 1785 emiseras,
1462 1727 1522 1770 nec
1547 1705 1625 1785 ila,
1650 1731 1739 1800 quae
1762 1707 1893 1798 legibus
1916 1707 1983 1772 im·

298 1801 382 1890 perii
408 1799 468 1864 hac
489 1796 531 1863 de
556 1821 591 1863 re
613 1809 732 1874 cauta,
757 1795 813 1860 sed
863 1808 1004 1860 uatenus
1028 1793 1063 1858 in
1089 1792 1255 1872 blacchia,
1282 1795 1383 1881 patria
1410 1817 1480 1860 mea
1503 1798 1693 1877 carissima,
1716 1799 1829 1864 eadem
1854 1796 1984 1888 praeei-

296 1911 365 1980 pne
389 1888 596 1978 frequentata
611 1936 621 1967 ,
646 1886 821 1951 exhibebo.
878 1907 971 1950 ereor
995 1896 1128 1962 tamen,
1154 1907 1196 1948 ne
1218 1881 1301 1946 duur
1326 1884 1424 1972 patrii
1451 1885 1535 1975 juris
1558 1886 1737 1977 aliqualem
1758 1886 1839 1952 mihi
1865 1888 1984 1954 tribuo

296 1977 474 2056 notitiam,
497 1999 598 2056 mox,
621 1976 713 2066 quod
748 1976 783 2040 in
817 1974 932 2039 melem
963 1978 1036 2064 jure
1071 1972 1272 2052 erraverim,
1305 1990 1417 2038 notam
1443 1977 1610 2042 incurram
1634 2001 1670 2044 ac
1693 1978 1980 2068 objurgationem.

297 2067 364 2134 Sed
387 2067 556 2133 excusabit
582 2090 634 2132 me
658 2065 830 2157 vulgatum
856 2062 940 2129 illud
953 2114 964 2144 ,
994 2065 1122 2130 utinam
1153 2083 1220 2127 nou
1247 2065 1382 2128 rerum!
1407 2063 1571 2131 Marehia
1594 2069 1705 2134 utitur
1723 2069 1811 2160 jure
1834 2072 1981 2135 incerto.

295 2157 425 2224 lacerta
449 2157 540 2221 euim
564 2179 633 2221 esse
656 2155 709 2221 hic
735 2155 801 2221 iere
824 2155 959 2238 ontrtia3
982 2154 1105 2246 stylum
1129 2175 1297 2232 camerae,
1320 2154 1591 2235 constitutiones,
1612 2157 1868 2224 eonsuetudines
1881 2208 1891 2238 ,
1916 2169 1983 2224 sta·

295 2260 388 2330 tuta,
412 2243 455 2310 ab
477 2246 551 2312 aliis
575 2269 629 2311 me
652 2245 820 2311 audivisse
845 2244 1009 2330 memini3
1032 2243 1188 2337 quamvis
1211 2265 1270 2332 ego
1296 2244 1425 2332 juvenis
1442 2244 1547 2310 adhuc
1563 2244 1713 2314 adserere
1730 2249 1814 2312 idem
1837 2271 1902 2314 non
1922 2271 1984 2314 au·

295 2339 372 2406 sim.
408 2335 647 2426 Exoptandutn
681 2347 791 2401 tamen
823 2335 983 2415 omnino,
1008 2352 1044 2400 ut
1077 2333 1219 2401 tamdem
1243 2331 1430 2398 iustiniani
1461 2335 1669 2424 imperatoris
1693 2338 1865 2428 exemplo,
1887 2337 1918 2426 ξ.
1951 2362 1981 2405 ι.

289 2451 442 2521 prooem.
466 2431 549 2492 inst.
576 2445 745 2518 postquam
770 2423 906 2492 sudores
931 2425 1064 2492 bellicos
1087 2440 1201 2516 gentes
1225 2425 1290 2487 sub
1314 2426 1390 2513 juga
1418 2423 1518 2514 patris
1543 2427 1667 2514 patriae
1689 2429 1836 2494 redactae
1859 2451 1984 2522 cogno·

295 2530 438 2598 rerunt,
463 2533 495 2582 et
520 2517 663 2584 victoriis
685 2541 702 2582 a
727 2518 856 2583 coelesti
883 2519 1023 2582 numine
1047 2515 1213 2606 praestitis
1239 2513 1427 2602 provinciae
1451 2512 1582 2580 avulsae
1606 2517 1725 2582 iterum
1751 2517 1870 2584 ditioni
1894 2543 1985 2584 mar-

293 2608 424 2688 chisae,
446 2605 665 2698 ejusdemque
688 2608 829 2698 imperio
852 2605 994 2688 additae,
1019 2606 1164 2672 tamdem
1188 2616 1221 2669 et
1244 2604 1494 2670 constitutiones
1519 2604 1700 2673 marchisae
1723 2605 1879 2674 hactenus
1901 2629 1985 2673 con-

293 2700 407 2776 fusae,
433 2697 468 2760 in
494 2697 696 2764 luculentam
720 2699 894 2788 erigantur
915 2699 1173 2764 consonantiam.
1199 2693 1327 2758 luterea
1355 2715 1431 2757 tero
1456 2693 1538 2758 mihi
1563 2717 1604 2759 ex
1622 2695 1747 2761 incerto
1765 2709 1983 2783 rurecertum

294 2787 504 2880 inquirenti,
529 2789 660 2852 veniam
685 2811 701 2852 a
728 2786 890 2852 benevolo
914 2786 1034 2852 lectore
1058 2785 1216 2877 polliceor
1237 2783 1476 2866 certissimam
1501 2784 1627 2868 patriae
1653 2809 1729 2850 reru
1753 2809 1843 2852 meae
1868 2809 1983 2875 proce·

294 2903 363 2948 res,
389 2889 426 2942 ut
449 2875 579 2942 adiectu
607 2877 753 2968 benigno
775 2876 973 2965 suppleant,
995 2901 1078 2967 quas
1101 2876 1180 2943 hinc
1204 2873 1282 2938 inde
1301 2874 1335 2937 iu
1355 2874 1517 2960 praesenti
1535 2875 1717 2962 specimine
1731 2875 1982 2942 observaverint

294 2969 447 3047 lacunas,
465 2991 501 3035 ea
514 3014 525 3053 ‚
540 2990 605 3059 qua
622 2991 682 3060 par
696 2979 745 3034 est
754 3019 765 3051 ,
783 2965 943 3032 modestia
958 2967 1113 3034 obtestor.
1127 2963 1180 3029 Sit
1196 2965 1308 3054 itaque
1323 2963 1469 3054 propitio
1487 2965 1636 3028 numine.

980 3181 1227 3252 CAPUT
1273 3183 1302 3250 i.

781 3357 839 3426 De
860 3355 1115 3450 pignorationis
1137 3355 1270 3446 origine
1296 3368 1331 3422 et
1355 3367 1495 3422 natura.

530 3563 553 3616 δ’
573 3562 601 3616 {J
616 3559 653 3612 M
665 3557 703 3612 i!
715 3557 745 3610 A
761 3557 867 3610 n1A
1165 3551 1594 3624 neocaesariensem.

1164 3638 1267 3708 Aliqua
1277 3637 1437 3708 pignoratis
1446 3637 1510 3708 iure
1520 3653 1637 3690 rarnmto
1649 3649 1789 3690 canusso.
1803 3653 1829 3688 n.
1844 3645 1888 3690 tt.

289 3740 429 3806 Ingressus
442 3727 647 3796 disputationis.
661 3747 688 3781 n.
706 3738 728 3779 t.
1157 3723 1220 3777 scit.
1235 3723 1348 3794 quaesit
1362 3723 1603 3793 aiiurisdisticnis.
1616 3739 1643 3774 n.
1657 3735 1698 3775 at.

286 3816 443 3884 Descriptio
455 3811 667 3884 pignorationis.
682 3830 708 3862 n.
722 3821 744 3861 t.
758 3823 814 3877 seq.
1162 3811 1209 3861 An
1226 3808 1288 3876 iure
1304 3808 1438 3862 canonico
1454 3807 1614 3880 pignoratis
1633 3808 1735 3862 bestiae
1749 3807 1883 3878 permissa
1904 3825 1986 3863 narn.

292 3907 385 3972 Quare
397 3897 506 3952 dicatur
513 3895 626 3966 privata
641 3893 781 3947 detentio?
795 3910 822 3942 n.
837 3898 861 3940 t.
1201 3903 1243 3946 at.
1256 3910 1312 3961 seq.

288 3991 480 4043 Personarum
497 3979 657 4053 pignoratis
677 3977 842 4056 regulariter
854 3991 912 4028 nan
923 3970 1111 4042 permittenda.
1167 3977 1309 4047 Ouidjure
1321 3975 1438 4028 diuina?
1451 3993 1478 4028 n.
1494 3985 1535 4028 tt.

326 4087 353 4122 η,
368 4081 393 4121 s.
1167 4061 1343 4134 pignorandi
1349 4060 1396 4128 jus
1408 4070 1448 4112 est
1459 4077 1495 4111 ea·
1507 4057 1712 4111 consuetudine.
1725 4078 1753 4112 n.
1767 4073 1808 4113 st.
1819 4076 1890 4132 seqq.

288 4155 404 4209 Dantur
414 4149 457 4202 tto
468 4149 605 4202 mandata
614 4147 675 4199 sine
689 4142 822 4197 clausula.
839 4162 866 4196 n.
879 4155 902 4196 a.
1166 4145 1238 4214 Quid
1248 4143 1314 4198 olim
1326 4143 1354 4195 in
1369 4141 1484 4209 imperio
1499 4142 1671 4196 obtinuerit?
1689 4162 1716 4197 n.
1732 4155 1775 4196 ts.

289 4241 324 4292 1n
343 4237 396 4289 irae
413 4233 482 4302 diega.
502 4233 535 4286 de
550 4229 745 4302 pignoratione
764 4243 856 4278 rerum
879 4229 986 4281 tanttim
1012 4225 1111 4299 agitur·
1162 4234 1209 4283 An
1221 4229 1386 4284 consuetudo
1400 4226 1570 4296 pignorandi
1581 4226 1709 4295 iniusta?
1722 4247 1750 4280 u.
1769 4239 1810 4280 to.

326 4339 355 4373 n.
374 4330 404 4370 s.
1161 4313 1257 4371 Bastia
1272 4313 1420 4384 pignorata
1439 4329 1495 4367 non
1511 4311 1646 4383 privatim
1664 4313 1827 4376 retinenda,
1840 4313 1889 4366 sed
1896 4313 1992 4384 judici

293 4402 375 4460 Unde
393 4397 551 4470 pignoratis
570 4395 694 4456 dicatur,
714 4402 741 4446 et
757 4408 841 4462 quare
865 4393 901 4446 sit
919 4409 1018 4449 manus
1042 4392 1111 4463 inis·
1194 4396 1348 4468 offerentia.
1360 4416 1387 4448 n.
1401 4405 1444 4450 tt.

329 4483 404 4542 ctio?
419 4504 447 4537 n.
464 4496 505 4536 to.
1163 4482 1350 4546 Repressaiine
1363 4499 1380 4533 a
1390 4479 1585 4550 pignoratione
1598 4495 1635 4532 an
1648 4475 1808 4546 differrent?
1819 4499 1847 4532 n.
1858 4490 1871 4532 t
1881 4493 1909 4534 t·
1938 4543 1944 4556 Ι

295 4567 369 4639 Quid
381 4563 491 4623 studeam
503 4557 734 4636 pignoratitiam?
745 4579 773 4614 n.
792 4571 831 4614 tt.
843 4577 898 4634 κς.
1161 4570 1275 4639 Aliquot
1288 4563 1672 4635 differentiaeprapanuntur.
1685 4581 1711 4615 n.
1729 4575 1769 4616 tt.
1781 4579 1853 4632 seqq.

291 4651 417 4707 Fundam
435 4647 548 4720 pignori
565 4645 670 4710 datum,
689 4662 746 4698 non
763 4664 830 4700 mox
842 4661 881 4701 est
890 4647 1108 4720 pignoratitiam.
1163 4656 1211 4705 An
1223 4661 1340 4705 arestum
1353 4668 1413 4703 cum
1421 4647 1614 4720 pignoratione
1623 4645 1793 4702 sorreeniot?
1806 4667 1833 4701 n.
1850 4657 1889 4698 ts.

326 4754 354 4788 n.
371 4745 412 4786 tt.
1165 4741 1212 4791 An
1225 4735 1364 4803 spolium?
1377 4754 1404 4786 u.
1421 4747 1463 4787 tt.

290 4819 339 4874 An
353 4813 578 4888 pignoratiojure
591 4814 730 4867 communi
740 4815 777 4868 sit
788 4815 906 4874 illicita?
917 4838 943 4871 n.
960 4832 1000 4872 ts.
1166 4823 1213 4874 An
1223 4819 1271 4889 jus
1287 4817 1473 4873 retentionis?
1484 4835 1512 4870 n.
1526 4829 1567 4872 ts.

290 4899 458 4973 Pignoratio
477 4899 589 4953 alterius
604 4917 654 4967 pro
680 4903 767 4956 attero
791 4905 874 4974 piane
899 4907 997 4961 illicita
1017 4917 1063 4962 est.
1083 4923 1109 4958 n.
1160 4901 1609 4973 Arriusretorsioniseonueniat?
1621 4920 1649 4953 n.
1666 4910 1706 4953 tt.

333 4999 373 5039 ta.
386 4999 441 5053 seq.
1162 4989 1328 5056 Exemplum
1341 4985 1500 5041 retorsionis
1512 4985 1688 5042 marchisum.
1701 5003 1729 5039 n.
1744 4997 1787 5038 ts.

291 5069 388 5124 Etiam
406 5067 562 5137 pignoratio
580 5068 662 5138 ipsius
681 5073 831 5142 debitoris,
856 5077 898 5132 eei
914 5096 1005 5133 rerum
1023 5074 1111 5148 ipsius

314 5171 386 5206 -non
401 5153 590 5222 supermissa.
604 5175 631 5210 n.
647 5169 686 5210 tt.
696 5177 752 5229 ses.
1163 5097 1228 5209 Ne
1247 5157 1275 5209 in
1293 5153 1389 5208 limine.
1407 5161 1434 5206 te
1451 5153 1584 5208 detineam
1597 5193 1606 5220 ,
1617 5153 1702 5206 lector
1715 5153 1856 5214 tenetote,
1870 5169 1930 5206 rem
1944 5153 1988 5222 ip·
2028 5149 2040 5191 ί

295 5243 373 5308 Quas
390 5241 443 5294 laos
461 5255 528 5294 ema
543 5260 635 5312 poena
654 5247 777 5304 obtineat
793 5247 826 5304 ds
839 5251 904 5321 jura
916 5245 1070 5305 eorrrmum'r²
1082 5263 1110 5301 n.
1164 5257 1236 5306 sam,
1255 5241 1290 5294 de
1305 5255 1355 5308 qna
1376 5238 1443 5290 ruint
1463 5255 1538 5307 agera
1556 5239 1661 5291 animus
1678 5249 1729 5302 est,
1741 5239 1882 5304 aggredior
1900 5241 1988 5292 illisa.

329 5335 439 5388 roasa.
1164 5326 1296 5396 Propositi
1322 5323 1394 5376 euim
1416 5325 1466 5379 mei
1493 5323 1580 5378 ubivis
1606 5339 1710 5376 mmor
1735 5323 1922 5383 ertr,‚seiliset
1943 5339 1990 5376 ms

293 5410 350 5464 nee
366 5424 464 5480 pecora
478 5409 541 5480 iure
552 5410 625 5468 cirili
631 5415 779 5488 pignorari
787 5427 909 5490 possunt.
925 5435 952 5470 n.
967 5424 1011 5468 ts.
1166 5409 1347 5471 brevissimis,
1358 5418 1485 5477 quantum
1506 5425 1621 5477 uoqttatn
1635 5409 1740 5460 tierterit
1753 5408 1848 5466 lineis,
1864 5421 1988 5476 praessa·

293 5494 357 5549 Nisi
370 5495 613 5562 dominuspeeoris
625 5503 774 5575 ignoratur.
787 5526 813 5559 n.
831 5516 873 5556 at.
1165 5501 1217 5546 tem
1244 5493 1383 5546 materiam
1409 5492 1605 5546 exhibiturum.
1624 5491 1691 5546 Cum
1711 5509 1773 5544 tero
1792 5490 1990 5559 disputationis

293 5579 428 5636 Rationes
443 5601 493 5652 pra
510 5588 642 5651 permissa
654 5590 672 5662 j
690 5609 719 5646 re
738 5591 817 5646 civili
833 5587 985 5645 inclausione
995 5582 1112 5655 pecoris.
1164 5580 1257 5633 titulus
1276 5579 1414 5640 ostendat,
1432 5577 1467 5629 de
1476 5577 1663 5648 pignoratione
1679 5595 1720 5632 nte
1733 5587 1866 5638 aetorum,
1878 5595 1892 5628 e
1904 5595 1934 5630 re
1946 5593 1988 5630 es·

330 5683 358 5718 n.
373 5677 414 5718 tt.
431 5678 457 5720 et
471 5681 514 5724 ts.
1166 5681 1194 5718 se
1212 5667 1317 5740 putavi3
1336 5666 1370 5718 ab
1388 5665 1447 5735 ipsa
1465 5659 1625 5720 delinitione
1644 5665 1677 5722 ati
1696 5665 1829 5719 monitura
1850 5663 1987 5718 Gloss.in

239 5782 279 5797 ‘A
