4404 6242
168 333 171 340 ⁴
232 319 289 384 liii
571 309 752 366 111111ου11
770 312 975 370 extuderunt
995 315 1041 370 Er
1060 311 1263 371 turrrrtsnt
1281 317 1344 372 lUS
1363 309 1484 373 FUlllll.
1761 303 1814 380 bib

120 465 124 472 .
178 414 202 470 si
218 411 403 482 ,negligentius
421 407 561 472 habentur,
581 405 710 458 domnum
731 405 821 460 sicino
833 420 995 461 ecoersestnr
1044 427 1111 478 quse
1126 409 1193 479 ipsis
1207 411 1246 462 sel
1255 413 1468 464 exconreutiorte
1479 415 1550 461 certe
1559 403 1728 480 promittitur,
1737 401 1778 461 sel
1786 405 1867 462 etiem

125 509 139 552 2
178 497 362 570 irreparabile.
381 495 446 550 lnde
464 489 686 564 quemadmodum
707 491 736 542 in
756 491 823 545 bene
840 494 996 546 constitutis
1045 493 1149 549 statutis
1167 491 1377 556 determineturs
1402 511 1455 547 non
1476 494 1561 546 solum
1588 511 1602 546 s
1630 496 1799 561 megistretu,
1821 492 1868 546 sed

178 581 324 654 rebuspubl
351 589 423 634 certe
443 588 505 632 sunt
522 586 612 632 steten
630 573 752 637 condite,
770 591 837 644 quse
856 574 895 628 rei
915 593 997 646 pene·
1046 577 1127 628 etiem
1145 577 1292 644 scollegiis
1311 578 1407 630 horum
1425 571 1866 648 opificumgcoooeroitenimhoe

178 667 234 719 rise
254 665 362 718 modurn
382 673 409 716 et
428 653 945 730 rationempraefigunt,its,pcrqnsm
958 677 998 713 ss·
1046 671 1127 712 ortem
1153 671 1181 714 et
1207 659 1402 732 prolessionern
1429 661 1563 731 ipsorum,
1591 659 1662 711 circs
1680 660 1749 730 quod
1770 669 1867 714 stutntc

179 748 257 802 lubre
276 757 334 809 est,
353 756 384 799 ut
403 745 575 816 magistratus
593 741 687 798 insons
707 742 833 804 visitent,
853 757 886 794 ne
905 742 935 794 io
954 761 999 813 pe·
1046 745 1189 798 concedere
1206 761 1259 797 non
1277 743 1454 814 prohibemur
1472 760 1531 814 erg.
1550 741 1568 793 i.
1588 742 1635 796 ult.
1649 759 1671 795 e·
1683 743 1717 796 de
1732 742 1866 811 jurisdier.

179 831 295 886 riculcso
311 831 370 884 loco
387 829 539 890 hebetentur,
555 825 625 879 unde
643 821 998 894 sicinisdemniquiequem
1047 830 1065 882 ι,
1091 841 1115 882 s.
1133 829 1224 902 §.fin
1241 849 1262 884 ρ.
1282 831 1315 882 (ις
1332 839 1419 882 comt.
1435 845 1532 900 pamm.
1550 830 1568 880 1,
1584 827 1642 900 fin.
1654 827 1697 899 ff,
1716 828 1750 882 de
1772 829 1865 899 colleg,

176 913 327 969 ¹imminere
340 913 429 985 possit.
440 910 639 965 Christianueus
652 911 690 964 cd
701 909 857 963 consuetud
876 908 999 964 mecltcli·
1050 922 1075 964 er
1092 912 1228 984 eorporib.
1247 910 1341 982 Carpe.
1355 930 1382 980 p.
1404 923 1428 964 2.
1446 930 1469 964 e.
1489 928 1514 969 e.
1533 913 1559 965 d.
1573 923 1597 964 1.

181 1013 259 1052 neos.
277 1008 338 1051 ort..
359 1009 384 1050 2.
404 1013 432 1048 n.
453 1006 476 1048 1.
497 993 521 1047 11
541 993 614 1047 enirn
633 993 662 1046 io
683 991 801 1046 tabernis
825 990 931 1048 boeriis
949 995 1000 1048 hoc
1086 995 1176 1064 Sicuti
1195 1009 1278 1052 eutem
1297 997 1344 1049 slii
1366 996 1475 1060 innuli,
1493 997 1532 1049 sio
1549 996 1577 1047 1ιί
1594 1011 1697 1066 quoqne
1716 1005 1787 1048 moto
1804 1011 1866 1048 eon·
1906 999 1934 1041 ¹⁵

182 1081 368 1153 requiritjure
381 1079 591 1134 consultissimus
604 1077 650 1130 dn.
663 1075 842 1130 Brunnemcn.
855 1079 894 1132 od
904 1078 999 1141 1.11.ς.
1050 1095 1128 1131 cursu
1146 1079 1175 1132 in
1195 1080 1273 1133 bonis
1292 1079 1411 1150 magistri
1431 1081 1534 1134 ratione
1557 1080 1635 1148 hujus
1656 1079 1786 1133 mercedis
1810 1083 1867 1152 pri·

185 1179 226 1220 11.
234 1163 280 1235 Ι
300 1166 340 1220 ιδ
356 1165 374 1216 1.
393 1165 478 1235 aquil.
497 1181 524 1215 n.
553 1173 595 1215 11.
619 1177 691 1232 seqq.
712 1171 743 1214 ιι1
767 1161 799 1216 sd
824 1162 1001 1217 excludendae
1049 1160 1146 1230 silepio
1162 1162 1335 1232 preelsticnis
1352 1162 1483 1230 gaudent,
1500 1163 1533 1216 de
1551 1181 1603 1233 quc
1622 1163 1744 1233 Ωιι-μοι’.
1759 1183 1785 1230 p.
1807 1177 1867 1218 t.e.

180 1251 372 1320 oenopolerom
392 1247 513 1312 fraudes,
527 1263 560 1298 ne
572 1245 651 1299 noxis
662 1245 778 1298 seudeut
793 1245 870 1309 sios,
888 1257 1000 1300 sntnnrn
1052 1259 1095 1300 es.
1110 1249 1135 1301 d
1153 1258 1197 1301 21.
1211 1247 1284 1303 Licet
1302 1257 1389 1300 entem
1408 1250 1466 1316 iure
1484 1264 1579 1302 comm.
1598 1249 1749 1318 hujusmodi
1771 1266 1869 1302 merces
1908 1265 1937 1306 se

179 1336 291 1390 exoticis
309 1334 401 1406 probis
418 1332 563 1386 domestice
579 1339 684 1384 noster·
709 1339 737 1383 et
754 1347 850 1400 sqncss
873 1332 1002 1386 miseconi
1051 1335 1142 1388 saltem
1163 1333 1269 1388 teeitern
1297 1333 1469 1405 bypotbecsm
1496 1333 1612 1397 bobert,
1637 1351 1684 1404 per
1707 1351 1870 1404 consequens

182 1435 214 1474 ee
230 1417 400 1482 confundent,
417 1415 554 1487 oenopolis
572 1413 839 1486 ssepinssisitentur;
852 1416 926 1482 euius
937 1434 1001 1487 quo·
1052 1417 1244 1488 praelationem
1265 1435 1328 1488 pree
1349 1417 1529 1472 creditoribus
1553 1418 1783 1488 chirogrepbrriis
1810 1429 1870 1472 tarr·

183 1521 235 1574 qne
252 1519 303 1555 nec
320 1498 567 1567 desuntesemple,
586 1507 614 1550 et
630 1496 901 1564 sonentureiusnsodi
916 1498 1002 1552 bomi·
1052 1512 1107 1555 tum
1132 1511 1283 1566 merentur,
1310 1505 1473 1557 Wesenbec.
1494 1525 1520 1558 r.
1536 1502 1570 1575 ffi
1587 1504 1620 1557 de
1636 1503 1757 1576 privileg.
1781 1505 1868 1558 eredi-

186 1603 234 1642 nes
259 1585 459 1640 Weiss-nisinen
473 1581 549 1638 conf.
568 1584 658 1636 biens.
669 1591 740 1636 cent.
752 1581 831 1636 decis.
843 1593 947 1654 quaest.
961 1594 1004 1636 11.
1051 1587 1386 1640 coaeternarum.
1407 1586 1637 1641 temencmnibus
1656 1587 1869 1644 creditisetiom
1909 1617 1937 1659 Η

185 1671 289 1744 Quidni
308 1670 387 1726 etism
406 1671 479 1725 circs
497 1668 590 1722 furnos
609 1669 658 1720 boc
675 1666 705 1719 in
723 1667 854 1738 rempubl.
881 1666 1002 1721 introdu-
1051 1671 1184 1741 impensis
1204 1669 1360 1724 lsroebribus
1380 1680 1420 1725 est
1439 1670 1729 1740 preelerendn.Cnrpc.
1747 1671 1812 1726 dd.
1828 1681 1870 1724 21.

185 1773 244 1810 cere
263 1753 371 1808 suadem
387 1751 501 1825 periculi
520 1749 609 1805 retici
625 1753 745 1805 ldexime
763 1765 823 1802 num
842 1767 891 1804 nec
914 1748 1003 1804 desint
1051 1771 1080 1804 n.
1102 1763 1125 1804 2.
1144 1762 1172 1806 er
1193 1751 1276 1822 defin
1296 1764 1338 1805 ss.
1358 1752 1476 1806 Berliolr.
1490 1755 1515 1806 d.
1528 1756 1614 1808 conci.
1635 1766 1676 1808 11.
1696 1774 1723 1806 ιι.
1744 1767 1784 1810 st.
1798 1755 1869 1808 Cum

182 1841 213 1896 ln
232 1841 301 1894 benc
319 1835 630 1908 constitutisrebuspubl.
641 1835 738 1906 quibus
751 1834 780 1887 io
791 1833 1001 1889 aestimationem
1052 1835 1208 1904 hujusmodi
1228 1835 1387 1890 ismulorurn
1405 1837 1495 1906 operis
1514 1848 1568 1890 tots
1594 1837 1721 1890 debitoris
1747 1837 1869 1901 inmitis,

184 1935 211 1979 st
228 1925 400 1995 qmntitstem
418 1923 495 1992 penis
513 1920 654 1974 mmmisse
672 1919 820 1989 inspectio,
838 1917 884 1988 qui
903 1918 1002 1983 misso·
1051 1923 1159 1991 ejusque
1176 1920 1244 1974 bone
1262 1932 1288 1974 et
1306 1919 1439 1973 incolentes
1455 1927 1658 1984 conserventur,
1677 1921 1770 1994 Carpe.
1784 1923 1810 1974 d.
1823 1922 1869 1977 de·

184 2005 345 2077 pipennrii
363 2003 586 2060 nocenturedn.
608 2003 725 2056 blttltielt·
744 2002 900 2056 disceretis
924 2002 1003 2075 episc·
1041 2003 1099 2076 fin.
1119 2015 1161 2059 11.
1179 2023 1207 2058 n.
1228 2018 1251 2058 1.
1271 2003 1347 2074 Quod
1365 2013 1452 2056 eutem
1478 2004 1635 2073 requirent,
1655 2013 1685 2057 ut
1704 2003 1796 2058 iumuli
1817 2006 1866 2058 lm·
1909 2006 1939 2047 ¹⁸

183 2105 283 2161 ponor.
302 2087 456 2158 Witseherg.
467 2087 551 2142 tatu.
568 2085 615 2157 qui
633 2085 723 2140 cedem
735 2103 815 2158 opem
828 2085 904 2140 iecile
916 2087 1003 2158 inspe-
1052 2085 1166 2155 jusmodi
1186 2094 1305 2156 tempore
1325 2085 1390 2138 moti
1408 2101 1550 2138 concursus
1568 2086 1608 2138 sel
1629 2094 1747 2156 tempore
1772 2089 1869 2141 mortis

186 2177 273 2233 ctione
297 2174 438 2228 furnorum
457 2173 566 2244 defungi
586 2185 702 2246 possunt·
721 2174 779 2226 linc
797 2183 887 2228 extent
903 2175 1003 2244 passim
1051 2169 1181 2224 debitoris
1199 2171 1255 2223 sint
1279 2170 1309 2222 in
1334 2170 1454 2224 conuictu
1478 2169 1600 2233 domini,
1618 2171 1672 2224 sid.
1691 2170 1816 2240 Csrpsoe.
1834 2175 1869 2226 de

183 2260 363 2316 ontinetiones
375 2257 567 2321 incendium,
579 2256 665 2327 qualis
677 2256 754 2310 etiem
768 2257 939 2312 Vrstislesine
958 2275 1003 2329 pn·
1051 2265 1139 2309 const.
1154 2253 1211 2322 defi
1221 2264 1262 2307 21.
1283 2253 1400 2307 Berlieh.
1418 2252 1445 2306 d.
1457 2254 1476 2304 1.
1491 2272 1518 2305 n.
1539 2265 1581 2306 11.
1601 2255 1667 2306 111ιιι1
1688 2257 1867 2308 necessarium

183 2343 279 2399 blieete
299 2361 345 2396 ιιιι.
370 2354 436 2395 1111
459 2343 487 2395 in
507 2342 603 2412 quibus
622 2358 746 2396 enmono
760 2343 846 2396 solum
860 2342 894 2394 de
913 2341 1003 2395 incen-
1052 2357 1180 2393 essenon
1199 2339 1302 2407 judicos
1334 2335 1435 2394 suilieit
1451 2337 1524 2390 enim
1551 2357 1594 2392 eos
1618 2338 1759 2410 sliqusodo
1785 2339 1870 2394 inisse

184 2427 240 2482 diis
257 2427 358 2482 exortis
376 2423 573 2493 restinguendis
592 2425 703 2478 solliciti
717 2435 776 2478 sunt
787 2423 966 2492 magistratus,
977 2432 1004 2476 et
1052 2423 1081 2475 io
1100 2423 1239 2486 cons-icto,
1257 2423 1314 2475 sid.
1342 2423 1430 2476 liubit.
1456 2421 1489 2476 sd
1516 2423 1679 2478 Wesenbee.
1697 2424 1738 2476 tir.
1756 2423 1805 2496 qni
1820 2443 1870 2492 po-

186 2513 294 2568 iocum
314 2527 403 2565 cesum
422 2510 504 2564 certis
517 2509 638 2579 personis
650 2519 720 2564 certe
733 2507 952 2562 concrediderunt
964 2507 1005 2560 ci·
1051 2503 1115 2557 tior.
1132 2504 1160 2558 in
1178 2505 1252 2574 pign.
1272 2523 1299 2556 n.
1319 2516 1343 2556 1.
1363 2505 1440 2557 ueri.
1457 2505 1590 2576 pedienet.
1615 2521 1648 2558 ne
1672 2505 1708 2559 ite
1732 2505 1872 2559 deterioris

185 2593 266 2659 ficies
285 2593 331 2651 sed
348 2597 429 2649 etiem
439 2609 546 2648 omnem
558 2591 744 2646 incendiorum
757 2592 918 2646 cccssionem
931 2609 1005 2647 eser·
1052 2589 1107 2642 sint
1118 2587 1299 2652 conditionis,
1312 2587 1357 2658 qui
1371 2588 1436 2640 clim
1454 2604 1548 2658 operes
1562 2589 1764 2660 praestiterunt,
1780 2607 1809 2641 ar
1820 2589 1870 2657 qui

185 2701 245 2740 sont
263 2693 342 2746 eunt,
354 2683 426 2751 jusso
436 2679 554 2751 quolibet
570 2677 695 2747 diligenti
714 2677 879 2748 inspectione
897 2678 926 2728 in
943 2675 1005 2731 olfi-
1053 2687 1122 2725 nune
1139 2680 1284 2742 praestent,
1297 2687 1357 2723 cum
1377 2672 1466 2740 potins
1479 2672 1603 2725 melioris
1617 2671 1730 2725 debeant
1743 2689 1800 2724 esse
1811 2690 1872 2726 cois·

186 2761 665 2832 einesetlouossuosdelunqi,quo
677 2757 1004 2825 essonooeritdiilicile‚
1053 2755 1183 2820 ditionis,
1200 2756 1236 2808 ob
1254 2770 1360 2819 mores,
1376 2772 1441 2825 ques
1465 2756 1494 2808 in
1519 2757 1686 2810 exsolutione
1712 2757 1795 2827 pretii
1813 2775 1874 2827 per·

184 2859 268 2902 certes
276 2863 402 2919 personas
412 2845 533 2914 seligere,
543 2844 589 2916 qui
602 2844 670 2898 inter
683 2845 734 2896 elie
748 2845 821 2896 stetis
832 2856 1005 2913 qooqoetem·
1055 2838 1124 2892 ierre
1138 2855 1273 2892 necessum
1293 2839 1452 2902 bebuemnts
1467 2841 1588 2909 quernsis
1600 2843 1622 2893 si
1636 2857 1727 2894 usuros
1741 2842 1871 2896 mercedis

184 2933 296 3006 poribus
314 2930 406 2984 lurnos
424 2927 580 2998 inspicient,
593 2938 620 2981 et
630 2925 653 2980 si
666 2926 777 2995 periculi
791 2924 916 2994 quaedem
929 2943 1006 2995 eppe·
1054 2921 1175 2975 residuae
1189 2923 1312 2992 stipuloti
1326 2923 1398 2989 sint,
1412 2923 1583 2994 privilegium
1598 2927 1646 2978 hoc
1656 2923 1801 2995 deliquium
1816 2925 1870 2996 peti
1970 2945 1975 2962 ·

187 3025 245 3072 rest
260 3031 347 3078 censs,
365 3013 395 3066 id
414 3019 548 3074 moneant,
562 3009 631 3064 eted
646 3020 762 3063 sonetum
782 3007 814 3062 de
832 3027 863 3062 eo
882 3007 1004 3064 referent.
1055 3004 1132 3059 iseile
1150 3005 1323 3069 admiserim,
1343 3005 1445 3076 dequo
1464 3006 1517 3061 sid.
1536 3006 1629 3077 Cerpz.
1645 3027 1672 3080 p.
1696 3021 1718 3061 1.
1736 3027 1760 3063 c.
1781 3020 1823 3062 21.
1842 3009 1869 3062 δ.

189 3101 269 3158 rates
288 3098 311 3152 si
329 3115 383 3152 non
403 3096 466 3161 sint,
484 3095 516 3149 ιδ
528 3091 650 3148 officium
664 3093 834 3162 magistratus
846 3091 1005 3162 pertinebit,
1057 3103 1097 3143 11.
1117 3091 1288 3156 illuuiem,
1308 3107 1375 3159 qnae
1393 3090 1426 3144 de
1445 3091 1586 3162 privilegio
1605 3090 1871 3146 horumlsrnnloruro
1913 3097 1942 3140 11

186 3184 336 3255 inquirere,
355 3180 425 3252 quod
442 3179 507 3233 linet
524 3177 590 3230 nlius
609 3193 662 3230 nun
682 3173 861 3245 impertietur,
881 3174 936 3227 nisi
955 3175 1006 3226 im·
1057 3175 1131 3228 dicte
1150 3185 1230 3238 suot,
1249 3175 1357 3228 obstare
1375 3173 1495 3239 videtur,
1514 3171 1586 3243 qnod
1605 3173 1737 3244 pistores,
1757 3187 1872 3230 sartores

188 3270 307 3340 ploratus
318 3267 338 3319 i.
352 3270 413 3328 ις.
426 3265 494 3318 ude
506 3265 600 3318 domn.
614 3257 707 3329 insece.
719 3258 908 3312 limitationem
918 3268 1005 3312 tsmeo
1055 3267 1081 3310 et
1097 3257 1144 3309 elii
1164 3259 1214 3311 lsue
1232 3257 1373 3328 privilegio
1392 3277 1446 3312 non
1464 3258 1600 3326 gaudeant.
1627 3257 1681 3310 sid.
1701 3258 1827 3328 carpens.
1845 3258 1872 3312 d.

188 3353 238 3408 bun
255 3349 352 3422 petitor
372 3348 396 3404 si
414 3363 489 3402 censs
508 3345 628 3417 publicse
651 3343 794 3409 utilitatis,
812 3343 853 3397 uti
877 3343 927 3396 hoc
946 3359 1007 3396 essu
1055 3350 1142 3394 const.
1163 3352 1207 3394 22.
1227 3343 1252 3395 δ.
1273 3341 1446 3394 21.Βιι11ο1ι.
1466 3343 1491 3395 d
1510 3343 1529 3394 l.
1549 3361 1575 3394 n.
1595 3352 1638 3393 21.
1656 3341 1875 3396 Hsbo.dee·
1912 3345 1945 3391 1ο

189 3435 288 3498 subsit,
301 3435 319 3489 l.
335 3445 375 3488 ts.
391 3451 432 3500 pr.
434 3429 476 3502 Ι
487 3431 520 3484 de
532 3425 608 3502 qffle.
618 3427 735 3496 proesid.
745 3428 765 3480 i.
781 3441 819 3481 su.
833 3444 857 3480 e.
869 3429 903 3480 de
928 3428 1006 3496 episc.
1057 3427 1142 3481 serob-
1161 3427 1187 3480 δ.
1205 3444 1235 3479 ιι.
1255 3439 1279 3479 s.
1299 3425 1351 3480 Sed
1376 3426 1426 3479 boe
1451 3443 1504 3478 non
1529 3427 1563 3477 de
1587 3426 1720 3494 pistorum
1741 3427 1872 3490 tumulis,

189 3530 215 3573 et
232 3518 320 3573 cleric.
333 3517 367 3570 lit
385 3516 422 3570 ite
441 3516 491 3568 boe
504 3512 719 3577 nesuobserssri,
733 3510 829 3565 usserit
841 3509 1007 3565 Christinrc·
1057 3527 1149 3563 serum
1170 3509 1204 3563 de
1223 3509 1291 3578 ipsis
1310 3510 1461 3579 pistoribus
1481 3509 1699 3579 intelligendum,
1718 3513 1815 3581 quibus
1835 3515 1875 3568 sel

190 3621 220 3662 ι1
237 3603 294 3658 δ-Ῑ.
307 3611 360 3658 err.
381 3612 405 3653 1.
423 3618 451 3654 ιι.
472 3609 499 3652 1.
1057 3609 1106 3664 pro
1122 3610 1171 3645 usu
1190 3591 1280 3654 lurni,
1299 3593 1437 3646 ueletiam
1457 3610 1506 3662 pro
1526 3592 1637 3664 panibus
1655 3595 1772 3648 nondum
1785 3607 1825 3649 est
1837 3613 1875 3648 sn·

196 3735 199 3742 .
227 3687 279 3742 Sed
292 3697 322 3740 nt
341 3684 375 3739 sd
389 3683 481 3738 modos
494 3679 633 3736 exercendi
646 3676 797 3734 seecdsmus
809 3674 1008 3746 propiosscon·
1060 3675 1210 3737 tisiactum,
1228 3674 1400 3744 etquidem,
1419 3676 1443 3727 si
1463 3677 1491 3727 in
1510 3675 1622 3730 sedibus
1641 3688 1667 3730 et
1685 3681 1807 3732 convictu
1826 3678 1873 3732 de·

192 3767 349 3824 sidernndse
367 3766 438 3820 circu
461 3781 506 3820 ens
524 3773 586 3819 sunt
603 3761 654 3832 (1).
673 3763 804 3815 Personse
821 3757 892 3811 inter
915 3766 942 3810 et
960 3773 1009 3826 per
1058 3759 1154 3812 bituris
1168 3776 1221 3810 non
1240 3768 1457 3822 commorentur,-
1469 3759 1538 3828 quod
1551 3760 1575 3812 si
1589 3761 1677 3826 enirn,
1691 3761 1730 3813 uti
1745 3761 1772 3814 in
1786 3763 1874 3832 splen·

192 3871 260 3928 ques
278 3857 327 3910 boc
345 3855 388 3924 jus
407 3859 554 3906 exercetur.
573 3846 623 3918 (2.)
640 3841 798 3912 Locus.(s-)
815 3844 941 3910 Tempus·
959 3838 1009 3912 (1.)
1059 3843 1132 3896 didis
1151 3841 1264 3894 familiis
1281 3842 1429 3909 contingit,
1447 3843 1525 3896 etiem
1545 3843 1673 3911 pistorem
1691 3843 1752 3912 quis
1770 3843 1876 3910 babeat,

193 3939 333 4008 Obiecturn
353 3937 432 4004 buius
449 3933 525 4003 juris·
545 3931 620 3984 loter
631 3935 903 3998 persnonsesercetur
916 3925 1009 3979 seluo·
1059 3927 1104 3980 bie
1116 3941 1220 3996 quoque
1238 3926 1305 3979 inter
1325 3925 1435 3978 ismttlos
1452 3924 1638 3981 numerabitur
1651 3937 1677 3980 et
1690 3927 1782 3980 eudem
1794 3927 1879 3998 prisi-

192 4023 276 4079 lentes
293 4023 333 4077 sel
352 4020 465 4083 insitus,
483 4033 532 4087 pro
550 4014 706 4069 diuersitate
723 4011 826 4064 scilicet
844 4009 923 4078 insius
942 4009 1010 4077 juris
1059 4009 1128 4078 legin
1142 4007 1239 4076 dignus
1252 4008 1390 4062 habendus
1401 4009 1461 4063 erit.

192 4106 334 4178 requisitie
353 4103 386 4156 de
403 4119 455 4172 qoo
472 4101 571 4156 dicturo
590 4106 633 4153 est
650 4096 679 4149 in
696 4092 923 4150 antecedentibus.
938 4093 1010 4162 Quo·
1047 4155 1050 4160 A
1098 4091 1393 4144 Anseroeriteocesu
1413 4091 1635 4161 socios,qnsndo
1654 4106 1753 4148 roerces
1771 4093 1876 4162 integre
1917 4123 1946 4166 ,Ι

193 4192 267 4246 niem
285 4205 345 4246 sero
363 4185 431 4240 bend
450 4185 539 4254 exigui
557 4181 657 4234 loboris
676 4187 717 4234 est
739 4177 819 4243 buius
831 4175 899 4243 juris
911 4175 1011 4228 exerei·
1061 4175 1113 4244 ipsi
1127 4175 1156 4226 in
1170 4184 1260 4244 pereto
1278 4176 1389 4244 pecunia
1407 4193 1459 4226 non
1478 4177 1637 4241 enutritur,
1652 4176 1697 4230 sed
1717 4178 1750 4229 sd
1771 4179 1880 4248 pertici·

193 4277 274 4342 tium,
286 4272 400 4325 eliorum
411 4268 510 4322 auxilio
517 4283 584 4337 opus
592 4273 633 4320 est
644 4261 765 4322 omnious
775 4261 837 4314 eliis
845 4270 940 4326 temen,
954 4262 1013 4332 qui·
1061 4261 1196 4331 parionem
1207 4257 1358 4310 reddituum
1370 4275 1403 4312 en
1415 4257 1495 4312 furno
1508 4259 1688 4330 edmittitur.(
1697 4263 1756 4316 Dos
1768 4266 1877 4316 Hones-

191 4362 243 4418 bus
255 4353 435 4430 incpilsciom
447 4354 544 4421 bonius
553 4349 670 4412 transiit,
683 4347 744 4400 eliis
758 4361 858 4408 rursus,
870 4345 917 4414 qui
931 4347 970 4399 sel
985 4357 1015 4400 ut
1064 4345 1167 4399 becken
1189 4345 1301 4414 celebrer
1317 4363 1355 4399 ors
1375 4345 1489 4400 etlielsen
1510 4347 1595 4399 Orien
1612 4363 1667 4402 uer
1685 4347 1738 4402 den
1758 4349 1882 4403 Becien·

193 4443 354 4502 bunuarium
367 4441 408 4493 sel
424 4439 506 4490 etism
524 4435 556 4487 ed
575 4447 679 4488 suorum
699 4428 868 4484 necessitates
880 4437 1013 4496 exercent,
1066 4429 1192 4494 Kneelrr,
1211 4430 1325 4485 oderes
1349 4430 1418 4484 snird
1442 4431 1497 4484 ilum
1521 4429 1565 4484 ein
1591 4429 1715 4498 gessisses
1739 4435 1882 4504 Trickgeid

127 4555 156 4600 ῃ
195 4538 316 4586 utuntur.
331 4524 374 4578 llli
386 4521 486 4576 bebent
499 4535 558 4572 suos
572 4516 694 4579 iemulns,
706 4529 819 4583 quorum
838 4511 885 4563 slii
901 4527 950 4580 pro
962 4529 1021 4582 pre·
1065 4513 1236 4584 uergbnnet)
1255 4516 1295 4567 lte
1314 4513 1419 4569 ridetur
1435 4513 1543 4584 quidem
1562 4515 1598 4568 ob
1615 4517 1633 4567 i.
1654 4527 1696 4568 21.
1714 4518 1737 4584 §.
1754 4517 1884 4587 e-fflc·

195 4615 235 4672 tio
245 4627 338 4684 operes
349 4625 409 4663 sues
418 4607 520 4659 elocent
533 4613 560 4656 et
572 4611 697 4657 sonentur
708 4597 1015 4662 Becker-Knmdrembi
1065 4597 1122 4650 cati
1134 4599 1152 4652 1.
1166 4609 1207 4652 sr.
1220 4600 1241 4666 ᾗ
1257 4609 1280 4651 2.
1291 4597 1333 4669 Ι.
1344 4618 1393 4668 pro
1406 4615 1461 4653 soe.
1474 4599 1491 4651 1.
1507 4614 1530 4654 ι.
1544 4607 1565 4663 ς.
1579 4612 1605 4652 1.
1617 4599 1659 4668 Ι.
1672 4601 1761 4672 depos.
1775 4603 1880 4656 Merces
1920 4621 1952 4662 ²2

196 4699 247 4752 boc
259 4693 388 4758 notabile,
407 4687 478 4760 quod
495 4686 522 4740 bi
539 4683 659 4740 Kneelrte
672 4691 881 4746 nocentunenm
904 4681 1017 4734 eliorum
1068 4681 1140 4736 enim
1160 4683 1189 4736 in
1208 4683 1258 4738 boo
1277 4695 1413 4738 contrecto
1432 4685 1460 4737 in
1479 4693 1572 4754 persis
1590 4686 1703 4753 pecunie
1720 4685 1800 4740 debet
1818 4705 1883 4742 coo·

198 4777 326 4854 opificum
339 4775 433 4830 lemnii
444 4772 569 4828 Gerellen
578 4766 812 4837 nocentur-,paneis
821 4765 945 4835 exceptis
956 4786 981 4821 s.
995 4783 1020 4836 g,
1070 4767 1167 4820 sistere
1179 4769 1197 4820 l.
1213 4780 1237 4821 1.
1249 4764 1273 4839 5.
1289 4767 1359 4838 ²·ff·
1372 4769 1404 4823 de
1414 4787 1440 4833 p.
1452 4793 1475 4828 o·
1492 4769 1559 4822 elios
1571 4769 1595 4822 si
1610 4771 1640 4822 in
1653 4781 1727 4839 perte
1746 4769 1884 4825 fructuum

130 4879 163 4927 η
199 4851 891 4926 ερὴηρ.11’1ιιίδιεν-ι1ἰδιιιιι”ιδε·Ζίιιιιιιεν-ΚιιειΙιιο,
905 4861 956 4906 etc.
969 4850 1021 4904 Cn·
1070 4851 1199 4905 consistet
1217 4850 1367 4921 (redditus
1378 4863 1466 4906 rotem
1480 4870 1512 4906 ex
1525 4852 1606 4908 iurno
1622 4871 1681 4908 esse
1699 4855 1799 4910 irootos
1818 4857 1889 4921 eius·

199 4959 244 5026 poe
260 4953 338 5008 etism
357 4949 489 5004 notionem
508 4962 561 4998 oco
581 4939 696 5005 invenio,
712 4937 765 4991 nisi
779 4935 848 5008 quod
866 4937 1023 5006 esperrinsis
1071 4934 1147 4999 dero,
1168 4945 1239 5007 petet
1255 4953 1288 4990 ex
1306 4937 1324 4987 1.
1346 4946 1387 4988 11.
1406 4947 1434 4988 er
1453 4935 1545 5005 suff.
1563 4940 1599 4993 de
1617 4955 1689 4994 resur.
1709 4940 1727 4992 i.
1750 4951 1791 4992 21.
1799 4937 1842 5007 Ι.
1856 4939 1889 4993 de

202 5049 231 5094 ei
248 5035 391 5091 servilibus
410 5031 494 5086 ierme
512 5024 651 5080 laboribus
667 5022 696 5076 lsi
715 5038 808 5074 ornnes
823 5019 878 5073 sint
892 5019 1024 5090 meneipe·
1070 5020 1145 5086 petit.
1163 5019 1315 5090 decredit.)
1334 5021 1362 5074 in
1381 5023 1528 5076 societatem
1547 5021 1701 5093 degeneret,
1715 5023 1838 5076 Frentzl.
1854 5024 1891 5078 αδ

203 5123 242 5187 11,
260 5119 374 5175 eliorum
391 5133 452 5170 sero
471 5109 565 5165 ismuli
583 5109 625 5162 sel
639 5105 765 5161 teneriori
779 5121 859 5175 opere
873 5103 1025 5173 iunguntur.
1073 5103 1114 5154 tit.
1131 5102 1225 5158 locari.
1244 5123 1271 5157 ιι.
1294 5116 1335 5158 ct.
1355 5120 1432 5174 seqq·
1456 5106 1545 5158 llabn.
1564 5108 1623 5160 eod.
1641 5125 1669 5160 n.
1690 5119 1715 5160 r·
1734 5119 1761 5161 er
1781 5119 1803 5158 1.
1824 5106 1889 5160 lisc-

202 5209 244 5265 111
262 5205 344 5262 etiem
362 5199 445 5255 enimi
463 5197 567 5255 viribus
578 5193 663 5248 anniti
678 5191 784 5254 debent,
797 5189 965 5260 praesertim,
977 5187 1025 5242 ubi
1077 5186 1153 5240 ebus.
1170 5185 1203 5238 ιδ
1221 5188 1323 5240 Treotl.
1342 5189 1399 5240 vol.
1417 5187 1520 5256 t·disp.
1540 5200 1583 5242 21.
1602 5193 1640 5244 rb.
1660 5203 1684 5244 1.
1703 5191 1743 5243 lit.
1761 5210 1786 5262 g.
1803 5193 1891 5243 Musi-
1928 5187 1959 5230 ²⁸

134 5311 166 5356 ss
205 5291 271 5347 ortis
289 5288 398 5344 nomine
416 5283 491 5338 senil
508 5280 627 5352 ipsorum
646 5272 798 5346 opificium.
817 5271 951 5342 Quicquid
969 5274 1026 5340 ejus
1076 5285 1119 5320 me
1136 5284 1196 5320 cum
1216 5267 1260 5320 bie
1278 5278 1428 5323 contriturus
1447 5271 1483 5322 sit
1499 5289 1639 5341 operarum
1665 5274 1776 5340 locutio,
1796 5275 1895 5344 inque

205 5379 259 5439 sit,
276 5391 331 5428 noo
349 5371 502 5440 obligentur
519 5365 631 5427 durius,
649 5361 705 5414 nisi
725 5376 774 5429 pro
791 5356 946 5411 conditione
968 5355 1027 5425 opi·
1077 5367 1176 5406 merces
1197 5351 1225 5404 in
1245 5361 1334 5422 pereto
1360 5353 1470 5424 pecunie
1493 5354 1572 5408 debet
1598 5357 1845 5418 consistere31ieet
1866 5361 1896 5408 in

205 5457 281 5523 liciis
299 5457 384 5526 igitur
405 5455 444 5506 uti
462 5450 516 5522 ipsi
534 5465 566 5502 es
585 5454 724 5502 contrecto
740 5440 819 5494 loceti
845 5437 968 5492 conducti
994 5436 1026 5490 sd
1075 5435 1208 5489 locutione
1230 5435 1307 5489 iondi
1332 5435 1456 5505 implicet
1480 5455 1584 5510 quoque
1610 5440 1638 5490 in
1664 5450 1737 5509 pm,
1762 5439 1896 5494 smmum

208 5558 306 5614 operes
323 5547 461 5598 tenentur,
478 5525 732 5601 s.Strns.1'urispr.
746 5520 810 5593 fir.
829 5521 941 5576 1.ι.1ι’1.
963 5530 986 5574 1.
1004 5527 1025 5586 ς.
1077 5536 1134 5574 esse
1152 5528 1239 5588 queat.
1262 5521 1315 5574 Do.
1341 5521 1540 5574 Brunnemann.
1559 5523 1598 5576 od
1614 5523 1632 5576 l.
1653 5535 1695 5576 21.
1713 5540 1736 5576 e.
1756 5525 1850 5580 innoti.
1869 5545 1897 5580 ιι.

209 5639 233 5679 ¹·
251 5625 291 5680 ⁸l⁶
307 5637 410 5694 (11101119
428 5617 577 5672 ’‘mli'‘
606 5631 656 5687 ΡΝ
683 5610 719 5663 ll*
742 5606 893 5678 ⁸⁰⁰ll³l¹fflls
912 5625 934 5660 ⁹·
960 5607 978 5658 l·
1003 5617 1028 5658 ὅ·
1079 5613 1103 5656 ²·
1120 5607 1219 5658 Verum
1239 5605 1309 5658 sulse
1326 5617 1366 5658 est
1382 5623 1440 5674 ηις
1460 5607 1581 5662 redditus
1597 5625 1630 5661 ex
1651 5607 1898 5664 lornolroetustn-
1936 5611 1967 5656 ts

132 5733 168 5799 μ
209 5703 234 5781 5.
263 5719 288 5762 1.
301 5703 343 5778 Ι.
368 5705 401 5761 de
423 5723 450 5774 p·
476 5718 503 5755 u.
538 5710 563 5756 et
591 5717 632 5770 pr.
659 5697 722 5753 istst.
753 5693 786 5750 de
803 5693 885 5750 locut.
903 5689 1027 5748 conditer.
1078 5687 1116 5742 les
1133 5701 1188 5742 nou
1206 5695 1287 5756 sunt,
1305 5687 1422 5760 quelium
1447 5687 1476 5744 io
1501 5689 1565 5747 dier.
1589 5701 1656 5746 tent.
1674 5691 1706 5748 fit
1733 5699 1854 5766 mentio,
1875 5709 1904 5752 ut
