4338 6240
240 263 291 336 457
672 251 722 308 ns
740 243 910 308 summat
926 241 1009 302 tunt
1028 239 1097 298 SUO
1115 231 1374 294 emunctam
1773 235 1826 307 ind

185 357 412 433 primogeniturae
430 353 500 425 iuris
514 357 628 407 naturae
644 364 718 411 esse.
729 344 855 400 aondusu
873 342 1003 404 eaiotump
1058 333 1158 388 lemnia
1183 331 1345 386 successioni
1367 329 1471 384 tuaene
1493 328 1699 399 mutilarunt,
1717 333 1875 406 etquidem

185 463 236 500 nec
254 443 346 498 minus
365 439 470 496 coniers
485 448 579 492 ustura
596 429 709 488 secundo
727 429 831 500 genito,
847 425 900 481 sid.
920 427 1006 478 Earn.
1056 420 1098 474 sel
1118 433 1183 488 pure
1199 417 1241 470 ael
1259 417 1288 468 in
1307 425 1409 469 eertum
1427 431 1533 482 casnm,
1552 415 1575 469 si
1600 418 1710 470 masculi
1731 419 1876 474 adfuerint.

188 527 217 582 in
235 529 312 600 polit.
329 526 378 580 lii.
400 537 423 578 ι.
441 541 513 578 c..n.
532 533 555 574 s.
577 531 617 573 tu·
635 527 662 572 et
678 533 747 586 seqq.
766 512 820 566 titt
840 527 901 566 sero
915 525 962 579 per
972 506 1003 562 ll.
1059 501 1118 570 Qua
1130 497 1234 553 ratione
1246 495 1459 558 renuntiationes
1478 497 1541 551 illae
1558 497 1641 552 iactae
1654 517 1668 550 a
1683 495 1789 555 filiabus
1802 501 1879 558 Wil-

186 613 256 682 reip·
274 611 454 682 primogenito
472 606 502 662 in
521 597 827 675 priucipatuaddiaitur
847 592 1004 658 successio,
1058 584 1143 638 helani
1157 582 1236 636 ducis
1249 582 1364 648 Cliniae,
1382 583 1451 636 hauc
1463 598 1617 653 expressam
1634 585 1776 639 clausulam
1793 599 1878 639 reser-

188 713 241 752 uon
259 694 412 750 excluditur
421 692 503 763 huius
521 691 654 752 noluntas,
671 695 717 738 aut
735 677 881 736 invitusad
893 676 921 729 id
934 693 1007 730 cum·
1056 667 1183 727 asturiam
1197 669 1225 720 in
1239 685 1268 721 se
1282 666 1436 731 continents
1453 683 1482 719 se
1494 667 1666 735 renunciare,
1678 678 1787 741 excepto
1799 683 1877 736 casu,

127 801 157 844 ιι
190 780 303 856 pellitus·
318 778 452 833 Etubiris
471 774 576 830 lucilius
592 760 909 834 estoblataediquitetis
927 778 1006 830 repu-
1057 759 1081 810 si
1101 757 1183 813 irater
1201 755 1336 810 labeones
1363 751 1534 808 Wilhelmus
1553 752 1612 804 sine
1630 750 1743 806 haerede
1762 753 1878 807 mumulo

189 865 279 928 ιιιιιιιι,
298 879 376 934 quam
395 867 543 930 acceptatee
557 852 717 908 disortium.
732 847 811 903 Unde
827 842 947 916 quamuis
959 859 1006 912 peu
1057 840 1211 896 decesserit.
1224 839 1265 890 De
1278 837 1353 905 auitas
1372 834 1579 889 renunciationis
1596 834 1737 889 validitate
1752 836 1805 889 sid.
1819 839 1879 907 plu·
1981 863 1985 886 t

192 967 219 1003 a.
231 945 257 1000 ὂ.
269 945 309 1002 ru.
325 956 349 996 t.
360 941 540 1015 primogenito
559 935 684 992 electoris
700 943 769 988 certa
787 930 816 984 in
835 928 1005 982 electoretura
1058 927 1133 981 ribus
1146 933 1246 978 auctor·
1259 933 1355 978 aesert.
1364 920 1435 992 juris
1447 935 1560 975 success.
1581 919 1734 976 brandani.
1746 919 1775 976 in
1788 921 1879 1004 meat.

191 1029 317 1084 debeatur
340 1026 495 1088 successies
519 1019 729 1088 renunciabilena
746 1025 836 1070 lernen
853 1029 911 1066 eam
929 1025 1008 1074 esse,
1057 1011 1119 1066 clia.
1134 1025 1197 1080 pag.
1218 1019 1259 1060 ιι.
1281 1016 1310 1058 et
1331 1017 1392 1059 sss.
1694 1011 1697 1020 '

193 1113 361 1182 exemplum,
378 1107 447 1180 quod
461 1108 647 1162 inelectoretu
664 1113 757 1156 nostro
774 1093 1007 1165 brandenburgica
1094 1093 1195 1147 Ultimo
1213 1093 1270 1144 loco
1289 1091 1338 1143 laon
1357 1085 1538 1151 monendum,
1554 1087 1820 1162 nobisinpreeseuti
1836 1088 1878 1141 di·
1915 1101 1947 1147 ss

193 1195 222 1252 in
241 1193 377 1246 friderico
396 1193 509 1246 electore
531 1188 662 1258 contigit,
681 1185 822 1257 probatum
847 1179 958 1245 reddit,
976 1175 1009 1230 ale
1059 1193 1150 1231 scursa
1179 1175 1325 1245 praecipue
1351 1170 1536 1243 quaestionem
1564 1187 1622 1225 esse
1645 1172 1680 1226 de
1705 1172 1881 1228 renunciante

131 1295 160 1340 st
195 1297 248 1350 quu
261 1276 328 1335 ¹rid.
352 1276 440 1330 liuu.
459 1275 498 1330 ari
515 1294 542 1330 a.
558 1275 587 1328 b·
605 1291 664 1340 cap.
687 1285 710 1326 ι.
729 1271 752 1337 ς.
773 1279 797 1322 ι.
815 1267 872 1322 ads.
892 1276 916 1317 s.
935 1261 1009 1316 ldem
1059 1261 1182 1332 principe
1200 1257 1360 1328 ingratiam
1379 1255 1572 1322 subditorum,
1592 1258 1633 1310 rel
1650 1267 1776 1327 quatenus
1795 1273 1878 1326 nego·

194 1363 228 1420 de
240 1361 439 1418 renunciatione
451 1356 792 1418 accensioutautcentum,
807 1348 1010 1422 quamsisenirn
1060 1347 1128 1400 tium
1147 1345 1222 1416 ipsos
1241 1343 1363 1396 subditos
1385 1341 1542 1407 ιοιιιιιιιίιι
1561 1340 1627 1411 quid
1652 1359 1714 1396 uero
1733 1341 1799 1408 iuris
1817 1340 1878 1409 sit,

192 1447 258 1504 beet
276 1464 385 1501 romano
407 1447 466 1514 iure
490 1442 640 1514 improbate
659 1440 676 1493 l.
695 1435 837 1492 utente
859 1442 930 1502 poet.
956 1429 1010 1499 juri
1059 1431 1082 1483 ai
1103 1429 1229 1499 princeps
1245 1444 1305 1480 cum
1324 1428 1377 1480 alio
1394 1427 1518 1499 principe
1536 1427 1691 1491 contrahat,
1709 1427 1790 1482 etita
1807 1427 1876 1495 juri·

196 1541 286 1586 tamen
304 1540 413 1586 naturae
432 1527 545 1583 minime
569 1525 732 1582 asisersatur.
758 1519 829 1572 llinc
854 1513 1011 1572 uniuersalis
1060 1514 1112 1568 bus
1129 1513 1185 1566 suis
1211 1512 1377 1579 renunciet,
1404 1512 1529 1581 specialis
1554 1511 1757 1582 disquisitionis
1775 1521 1834 1579 est,
1853 1521 1882 1567 et

197 1614 358 1670 Germaniae
377 1609 538 1667 consuetudo
555 1607 783 1664 renunciationem
797 1602 900 1656 futurae
912 1613 1014 1653 soccu-
1064 1606 1140 1651 extra
1159 1595 1289 1668 propositi
1313 1596 1398 1650 nostri
1422 1597 1537 1664 limites,
1556 1596 1659 1666 dequo
1676 1595 1761 1651 rideri
1779 1597 1880 1664 poterit

199 1698 286 1754 sionis
303 1696 371 1750 haud
390 1692 535 1748 difficulter
553 1693 666 1765 recepit.
686 1711 708 1745 ι.
727 1687 915 1742 Kelleubents.
927 1693 961 1738 tr.
979 1682 1013 1736 de
1066 1679 1236 1736 suffectura.
1254 1681 1288 1734 de
1301 1680 1325 1750 ι’.
1343 1699 1370 1736 n.
1389 1699 1416 1750 p·
1435 1693 1462 1735 et
1485 1698 1508 1735 c.
1527 1681 1573 1734 tit.
1599 1693 1624 1734 s.
1650 1698 1672 1734 c.
1702 1683 1782 1748 sni
1804 1692 1826 1732 ι.
1846 1681 1881 1734 Ει

197 1782 351 1839 renunciat.
368 1795 483 1836 success.
499 1796 551 1850 per
568 1788 623 1830 not.
645 1774 801 1829 Gutierrex.
819 1770 860 1825 ad
876 1791 899 1826 c.
916 1785 1014 1838 quana·
1063 1765 1106 1818 luia
1123 1765 1156 1818 de
1174 1781 1299 1834 expressa
1316 1765 1455 1836 principis
1478 1765 1683 1820 renunciatione
1701 1764 1877 1838 praemissis,

197 1866 243 1920 ais
260 1865 293 1920 de
307 1876 379 1936 pact.
397 1865 427 1918 in
448 1876 472 1918 e.
489 1880 518 1914 v.
534 1858 612 1932 filia.
633 1877 660 1912 n.
682 1857 759 1916 t..Et
775 1853 895 1924 exempla
917 1849 1013 1904 ioeml·
1065 1848 1252 1922 progredimur
1264 1848 1299 1902 ad
1861 1847 1864 1854 ·

199 1966 295 2012 ustum
313 1946 459 2008 illustrium
476 1944 622 2006 notissima
639 1950 716 2006 sunt,
733 1955 799 2011 quae
817 1955 865 2010 per
882 1947 957 2009 pacta
973 1951 1014 1988 so·

863 2096 903 2167 ·C
926 2097 957 2165 Δ
981 2096 1009 2166 Ρ
1037 2095 1065 2165 U
1087 2098 1120 2166 -T
1166 2099 1214 2172 ΙΙ.

590 2277 648 2346 Da
668 2275 826 2369 principe
844 2273 907 2365 jus
928 2268 1068 2337 saluum
1085 2267 1156 2339 sibi
1179 2294 1250 2340 non
1273 2287 1479 2340 reservante.

424 2468 450 2520 ui
470 2467 498 2522 U
511 2463 549 2520 d!
561 2462 595 2516 dt
610 2462 640 2516 A
660 2462 686 2514 li
704 2459 778 2512 1A.
1066 2454 1202 2525 Princeps
1213 2455 1283 2509 idern
1291 2455 1337 2525 p'ue
1355 2455 1408 2510 ridi
1425 2469 1577 2510 reservasse
1587 2454 1786 2526 praesumitur,
1804 2455 1878 2525 quad

1102 2540 1223 2609 privatis
1235 2543 1363 2596 aduersus
1374 2549 1547 2596 contractum
1560 2540 1694 2612 competit.
1708 2557 1737 2591 n.
1751 2551 1794 2591 ιι.

185 2631 347 2688 .Conneaio
358 2628 467 2697 eapitis.
481 2648 509 2684 ιι.
528 2641 550 2682 ι.
1067 2627 1114 2679 An
1132 2625 1258 2695 princeps
1275 2625 1331 2693 ipse
1347 2641 1429 2680 suunt
1447 2633 1619 2679 contractum
1643 2623 1792 2678 annullare
1816 2636 1883 2692 pus·

197 2715 340 2787 Principis
345 2715 394 2784 p'us
406 2713 705 2781 regularitersaiuarn,
719 2709 805 2769 etiam
816 2710 887 2766 citro
899 2723 1019 2764 resena·
1102 2707 1160 2760 rit?
1171 2725 1199 2761 n.
1217 2718 1259 2763 st.

219 2799 347 2856 .-tionem.
360 2814 390 2850 n.
404 2807 430 2850 ι.
440 2808 468 2852 ιι
480 2809 504 2850 ι.
882 2829 886 2843 .
1068 2791 1195 2862 Principi
1207 2793 1367 2846 minorenni
1374 2791 1505 2861 competit
1516 2789 1663 2845 restitutio.
1675 2809 1702 2842 n·
1718 2799 1760 2845 tt.

197 2883 384 2940 denunciatio
398 2900 457 2938 non
467 2881 661 2950 praesumitur.
675 2897 701 2932 n.
716 2889 742 2932 t.
1067 2876 1214 2932 Contraria
1226 2876 1363 2932 sententia
1377 2874 1528 2932 adducitur.
1542 2893 1568 2930 ιι.
1583 2885 1625 2928 ιι.

201 2971 369 3026 Contractus
389 2967 549 3040 principum
565 2966 679 3024 uinculo
697 2965 727 3018 il.
744 2962 865 3020 ciuilium
873 2961 1017 3034 exempti.
1067 2957 1249 3029 Bcjicituren.
1268 2971 1309 3012 st.

228 3075 269 3112 aa.
289 3067 314 3108 s.
1068 3041 1252 3113 Anprinaeps
1263 3043 1402 3100 adinstar
1413 3042 1478 3114 reip.
1492 3041 1556 3112 iure
1574 3041 1713 3098 minorum
1728 3035 1885 3110 utipossit?

202 3145 274 3196 Sunt
286 3139 501 3210 insentatas.
516 3153 539 3194 ι.
552 3153 608 3209 seq.
1106 3141 1134 3176 n.
1148 3136 1192 3178 ιι.

199 3225 316 3278 Dantur
326 3220 550 3276 renunciatione
561 3218 671 3276 sucum,
682 3237 711 3273 ιι.
726 3230 749 3271 ι.
1070 3205 1212 3278 Principis
1222 3208 1270 3279 p'us
1288 3209 1371 3262 etiarn
1390 3209 1419 3262 in
1434 3210 1655 3265 concessionibus
1673 3207 1764 3262 secute
1774 3207 1889 3261 saltans

199 3305 297 3360 Etiam
310 3303 339 3356 in
352 3303 486 3373 principe.
499 3321 528 3356 n.
541 3314 567 3355 ι.
1106 3303 1208 3346 manet.
1223 3310 1251 3344 n.
1264 3303 1307 3346 st.
1320 3303 1347 3346 st
1361 3302 1393 3346 ιι

201 3387 337 3458 Princeps
348 3388 377 3444 ll.
385 3386 508 3444 civilitas
519 3396 597 3442 actus
606 3400 672 3442 suos
682 3380 840 3454 conformes
852 3378 964 3434 mttere
974 3395 1021 3434 so·
1070 3375 1239 3446 Applicatur
1249 3377 1287 3432 ad
1297 3379 1548 3448 praesumptionem
1561 3377 1703 3451 regalium.
1715 3396 1742 3432 n.
1756 3385 1796 3430 tt.

238 3470 284 3524 iet.
298 3489 325 3524 n.
344 3484 388 3526 ιο.

200 3553 243 3608 Es
259 3551 324 3606 tine
338 3551 491 3610 ,agundum
515 3551 566 3608 tae
583 3553 612 3608 ιι,
636 3549 809 3608 anamim
829 3546 1019 3620 praesumitur.
1071 3479 1219 3598 Vidimus
1236 3544 1369 3616 hucusque
1386 3545 1539 3617 principem
1552 3559 1600 3602 suu
1614 3544 1886 3615 iurirenuncianteru.
1926 3553 1938 3598 ι

238 3655 264 3690 η,
288 3647 329 3692 ιι,
1070 3628 1148 3698 Quod
1161 3628 1186 3680 si
1199 3627 1366 3682 renunciatio
1384 3631 1438 3699 ipsi
1459 3631 1551 3696 licita,
1569 3631 1667 3686 exinde
1679 3647 1724 3683 sua
1738 3630 1799 3684 duit
1809 3647 1888 3700 spon·

196 3718 336 3792 Exceptio
351 3718 433 3790 pacti
449 3729 475 3776 et
492 3727 650 3776 sonnatius
666 3717 774 3792 opponi
788 3725 880 3788 potest
894 3712 1020 3786 principi.
1071 3719 1113 3776 te,
1131 3727 1208 3780 possa
1233 3727 1336 3780 quoque
1362 3715 1535 3784 prinoipem,
1555 3717 1578 3768 si
1598 3725 1687 3769 ectum
1705 3715 1817 3784 gesserit
1834 3715 1889 3782 jori

238 3821 266 3856 ιι,
289 3814 331 3854 ιι.
724 3839 726 3850 .
1069 3811 1115 3848 suo
1133 3792 1291 3862 aduersum,
1309 3799 1352 3864 jus
1369 3814 1448 3850 suum
1465 3799 1566 3852 salsum
1584 3815 1741 3864 reservare,
1763 3815 1796 3852 ne
1814 3807 1890 3852 actus

199 3881 333 3956 Bautque
346 3884 549 3956 ιιιίιιοιριῑιιιι
562 3900 614 3940 suo
634 3883 911 3956 animumque
930 3881 1022 3937 uoluit
1069 3879 1156 3934 illein
1169 3879 1361 3949 praejudicium
1380 3882 1465 3953 ipsius
1484 3891 1579 3950 serpat.
1599 3881 1710 3951 Quodsi
1725 3899 1785 3936 sero
1802 3893 1888 3938 actum
1925 3908 1940 3949 2

234 3979 262 4024 et
273 3970 364 4035 posunt
373 3985 403 4024 se
416 3969 546 4039 obligare.
564 3988 592 4023 ιι.
609 3981 648 4024 ιι.
1069 3971 1264 4018 contracturam
1280 3965 1443 4036 simpliciter
1460 3965 1587 4035 quaeris,
1600 3974 1647 4018 sut
1661 3965 1829 4036 privilegium
1841 3964 1890 4018 eli·

202 4051 419 4108 clausularum
437 4055 495 4121 jure
512 4054 622 4126 imperii
638 4053 677 4108 ael
696 4050 898 4124 superioritatis
916 4065 1024 4120 senspsr
1071 4047 1189 4101 cuisiue
1206 4049 1260 4100 ulla
1273 4048 1341 4115 juris
1353 4049 1532 4101 reservatione
1543 4049 1719 4112 maecenate,
1739 4066 1772 4101 an
1791 4050 1832 4114 ius
1845 4067 1890 4102 su·

237 4131 267 4184 in
279 4134 462 4189 contractibus
471 4136 558 4206 princ.
571 4135 803 4208 praesumitur..n.
821 4145 860 4189 tt.
1071 4151 1117 4184 uua
1130 4133 1230 4187 salsum
1249 4133 1367 4185 retineat
1380 4131 1572 4196 nihilominus,
1591 4133 1642 4186 boe
1660 4131 1794 4204 praesenti
1805 4132 1891 4202 capite

208 4217 345 4272 Rationes
357 4220 583 4290 subjiciuntum.
599 4231 639 4274 ts.
1071 4214 1281 4286 disquirendum.
1298 4215 1352 4272 Ubi
1370 4216 1478 4286 quidese
1495 4215 1644 4284 peneresius
1662 4215 1805 4268 dicendum
1819 4215 1890 4268 eide·
1926 4231 1940 4273 ι

205 4299 495 4369 (iruaetaciteinsunt,
511 4303 710 4371 labenturpra
723 4302 867 4370 cupressis.
880 4319 908 4356 ιι.
925 4313 966 4356 ιι.
1023 4349 1026 4358 ,
1074 4300 1167 4366 betur,
1180 4301 1310 4367 jussuum
1329 4301 1446 4373 principi
1464 4319 1570 4373 semper
1588 4319 1647 4356 esse
1662 4303 1771 4364 selaurn,
1785 4303 1892 4356 eustasi

202 4381 349 4438 aemulae
360 4385 845 4458 soliaepraesumunturappositas.
859 4403 887 4438 n.
903 4395 943 4438 ιι.
1073 4386 1145 4439 nulla
1163 4385 1276 4455 desuper
1293 4383 1362 4440 iacta
1386 4385 1511 4456 specialis
1533 4388 1682 4443 reservatio
1708 4387 1781 4440 Paul.
1806 4385 1891 4438 Paris.

203 4463 355 4540 essentum
367 4485 429 4522 cram
441 4469 601 4526 omnimoda
612 4479 750 4540 potestate
765 4466 1023 4538 concarnationis!
1072 4471 1119 4524 lii.
1141 4481 1164 4522 ι.
1182 4485 1257 4524 cant.
1280 4480 1319 4522 ts.
1339 4487 1365 4522 n.
1389 4481 1429 4522 ιι.
1454 4469 1561 4524 Bursat.
1580 4471 1627 4524 iii.
1657 4482 1679 4521 ι.
1704 4486 1780 4524 cons.
1800 4479 1841 4524 ιιι.
1861 4487 1889 4522 n.

241 4551 591 4621 consequaturaassaliusi
607 4573 635 4608 n.
652 4565 755 4624 seseq.
1076 4564 1118 4606 tt.
1146 4553 1252 4618 Primo,
1276 4553 1340 4625 quis
1357 4567 1406 4606 nee
1424 4552 1453 4606 in
1470 4553 1584 4623 privatis
1602 4552 1769 4606 renunciatio
1787 4551 1889 4618 jurium
1927 4576 1943 4620 ι

195 4634 278 4702 Quid
287 4635 313 4688 si
323 4653 385 4689 cum
397 4637 558 4694 omnimoda
566 4635 783 4706 jurisdictione?
798 4654 827 4691 ιι.
841 4646 884 4688 ιο.
1072 4637 1269 4706 praesuaaitur,
1291 4637 1362 4699 nisi,
1388 4635 1460 4707 qood
1475 4655 1507 4691 ea
1526 4635 1598 4690 lacta
1614 4636 1666 4699 sit,
1685 4637 1821 4690 evidenter
1839 4654 1889 4706 ap·

204 4721 253 4772 An
278 4721 408 4775 involvat
423 4721 645 4793 jurisdictionem
667 4721 697 4776 in
719 4721 793 4777 siam
814 4714 1020 4790 publicamin-
1073 4721 1466 4792 menstruatarum
1490 4722 1524 4775 de
1547 4721 1699 4774 renunciat.
1717 4720 1843 4792 Garpsor.
1860 4741 1890 4793 p.

240 4812 284 4855 st.
301 4820 358 4875 seq.
874 4863 879 4872 ,
1077 4817 1099 4857 ι.
1115 4803 1199 4858 decis.
1217 4815 1261 4858 ss.
1280 4823 1306 4862 ιι.
1329 4816 1370 4864 ιι,
1390 4805 1499 4860 Daloer.
1518 4807 1552 4860 de
1568 4807 1720 4862 νιιιιιιιὶιι.
1732 4823 1755 4858 c.
1773 4819 1796 4858 ι.
1808 4825 1837 4860 ιι.
1849 4816 1892 4858 ιι.

205 4883 388 4958 Confirmatio
406 4886 545 4962 principis
559 4886 745 4968 praesumitur
753 4885 841 4957 saeta
864 4891 948 4946 salua
964 4906 1016 4948 suo
1071 4892 1193 4944 eatenisu
1208 4888 1288 4954 iacti,
1305 4889 1376 4944 ande
1393 4905 1443 4958 per
1458 4889 1630 4962 probationes
1648 4891 1777 4944 arctiores
1794 4891 1890 4944 adera

231 4970 297 5039 iure
313 4988 340 5024 n·
362 4981 404 5024 ²³·
596 5022 600 5033 .
912 5003 918 5016 ·
1070 4977 1203 5042 meando,
1228 4975 1335 5046 Cephal.
1360 4975 1465 5034 erolum.
1486 4985 1511 5028 t.
1529 4993 1608 5030 sans.
1629 4989 1688 5032 ιιι.
1707 4995 1735 5029 ιι.
1755 4987 1779 5028 ι.
1798 4974 1832 5029 lit
1849 4975 1890 5027 si·

204 5052 278 5120 Quid
288 5053 318 5106 in
330 5051 573 5123 principcstasuta
585 5055 831 5126 confirmauere.
846 5069 889 5112 ts.
1069 5061 1123 5116 cati
1142 5079 1221 5116 nemo
1238 5061 1352 5126 donare,
1370 5061 1408 5113 ita
1427 5077 1475 5114 aen
1495 5061 1652 5116 emansisse
1671 5073 1811 5130 causatu,
1827 5063 1889 5114 lde·

201 5135 385 5208 Confirmatio
393 5137 526 5209 principis
536 5159 638 5198 aarum
645 5141 692 5212 Ῐιιι
704 5161 763 5198 aaa
773 5142 878 5198 tribuit·
892 5161 921 5198 ts·
934 5153 978 5199 ιι.
1071 5147 1149 5201 noch.
1161 5146 1195 5202 ds
1205 5154 1369 5216 praesumpt.
1388 5143 1434 5201 iii.
1444 5157 1480 5204 ,ι.
1495 5159 1589 5214 praes·
1609 5155 1651 5198 ts.
1664 5163 1690 5198 n.
1714 5157 1755 5196 ιι.
1774 5145 1889 5208 Deinde,
1928 5168 1942 5212 ς

201 5221 371 5277 Declaratur
382 5225 515 5294 exemplo.
531 5244 559 5279 n.
574 5234 615 5280 ιι.
1069 5229 1132 5297 quia
1148 5239 1298 5284 contractus
1315 5227 1468 5300 principatu
1494 5243 1548 5280 uon
1573 5245 1654 5296 aequa
1679 5227 1816 5294 subjacent
1834 5226 1890 5294 isaei

203 5309 279 5377 Quos
292 5303 412 5376 desectas
422 5308 542 5378 suppleat
554 5309 756 5383 confirmatio?
767 5329 795 5366 ιι.
809 5321 851 5366 ιι.
1070 5311 1144 5366 cirili
1160 5330 1192 5366 ac
1212 5310 1382 5384 priuatorum·
1404 5311 1554 5367 sublimior
1570 5312 1645 5368 euim
1665 5311 1798 5382 principis
1824 5326 1887 5380 per-

200 5389 387 5462 Canfirmatio
404 5390 496 5445 ornnis
509 5403 549 5446 est
560 5395 767 5464 conditionata..
776 5415 804 5449 n.
819 5407 862 5452 ts.
1073 5413 1137 5450 sona
1153 5405 1209 5458 est.
1221 5393 1299 5463 quana
1313 5394 1382 5464 quod
1395 5405 1471 5450 aetus
1482 5395 1516 5450 ab
1529 5412 1560 5452 eo
1572 5396 1641 5465 gesti
1654 5397 1683 5450 ll.
1696 5395 1816 5449 civilium
1830 5394 1888 5449 siu·

199 5477 250 5528 An
262 5475 390 5544 princeps
403 5495 423 5530 a
436 5485 594 5542 contractu,
609 5479 708 5551 uiip'us
718 5482 831 5537 saluum
841 5480 896 5538 aiii
907 5500 965 5538 nun
979 5500 1021 5539 re·
1071 5478 1430 5548 oulispossintcoustringi,
1442 5478 1624 5534 diciturenim
1635 5480 1737 5533 solutus
1753 5477 1856 5546 legibus
1868 5477 1887 5530 i.

236 5558 382 5624 seruauit,
395 5558 499 5612 resilire
511 5559 622 5631 possit?
633 5579 663 5618 ιι.
678 5576 718 5620 su.
1073 5561 1165 5632 suff·
1185 5563 1217 5618 de
1235 5564 1264 5632 li,
1282 5565 1341 5618 lmo
1359 5563 1414 5634 ipsi
1432 5562 1587 5633 imperiales
1602 5563 1832 5630 contraeussleqis
1845 5563 1885 5616 si·
1926 5599 1944 5643 ἃ

192 5639 358 5700 ,formatur
367 5645 455 5780 stqtus
466 5644 678 5705 controuersiae.
690 5667 720 5704 n·
734 5659 775 5706 ιι.
789 5658 818 5704 et
831 5659 876 5706 ιι.
1073 5647 1279 5714 oemobtiueut,
1294 5646 1458 5720 minimaque
1474 5647 1649 5720 opitulatione
1659 5645 1773 5720 quadem
1785 5646 1887 5704 extrin-

332 5728 395 5799 ιιι]
413 5723 437 5780 ιι
456 5727 517 5783 rot.
536 5731 592 5786 ιιι.
648 5733 651 5740 ·
1266 5719 1273 5731 ’
1622 5740 1656 5795 ιι
