4338 6240
906 237 1094 294 utstutet.
1114 237 1161 294 tx.
1177 235 1295 296 citur
1313 234 1359 292 IV.

836 506 841 514 ἡ
950 405 1307 478 οιιιιιιι.

825 573 878 642 De
900 574 1023 664 effectu
1045 573 1249 646 bacillorum
1259 576 1442 669 fissorum.

529 745 866 806 suuuAntA

290 918 441 976 connexio
454 937 512 986 cop.
522 935 550 970 ιι.
565 929 587 970 ι.

283 1003 484 1076 Bucillufissis
495 1003 590 1058 eudem
598 999 746 1072 *probandi
756 998 796 1054 sis
808 997 895 1065 inest,
907 1013 978 1070 punt
988 995 1106 1066 scripta·

324 1106 374 1142 rae
383 1089 521 1158 priuatae.
535 1107 561 1140 n.
578 1100 602 1140 ι.

283 1178 332 1228 An
352 1173 447 1227 lucilli
458 1172 528 1245 fissi
555 1173 802 1228 instrumentorum
833 1165 947 1222 nomine
977 1166 1108 1224 ueniant?

325 1275 354 1309 n·
368 1269 392 1308 i.

283 1336 423 1392 Dicuntur
435 1337 518 1409 quusi
527 1336 721 1392 instrumenta.
734 1355 762 1390 n.
778 1347 802 1390 ι.

287 1422 472 1477 Instrumenti
484 1423 632 1493 appellatio
645 1425 703 1476 latu
717 1432 766 1474 est.
778 1439 807 1474 ιι.
821 1433 844 1476 ι.

282 1511 359 1563 Hinc
371 1507 471 1562 tacttto
478 1507 547 1574 lisso
558 1505 719 1576 applicatur.
734 1523 762 1557 ιι.
778 1517 803 1558 ι.

287 1592 338 1646 Cui
350 1591 479 1660 probatio
494 1607 545 1661 per
561 1593 744 1645 instrumenta
763 1589 907 1658 iniuncta,
924 1587 1027 1659 poterit
1042 1603 1107 1658 pro·

322 1679 388 1731 tare
397 1693 446 1744 per
457 1671 706 1744 bacillamfissum.
719 1689 747 1724 ιι.
760 1684 785 1724 ι.

283 1760 388 1814 Bucilli
400 1757 471 1830 fissi
493 1761 644 1814 secantium
669 1758 778 1830 aliquos
806 1755 953 1824 semiplene
974 1755 1107 1823 probant.

322 1864 352 1898 n·
367 1857 391 1897 Β.

285 1934 443 1986 Secandttm
454 1930 561 2000 aliquos
570 1928 657 1998 plene.
666 1944 693 1980 ιι.
707 1937 731 1979 ι.

290 2023 369 2086 (luae
379 2017 517 2069 sententia
529 2016 672 2082 protatur.
684 2031 711 2063 n.
730 2021 770 2062 tt.
784 2019 810 2064 st
819 2025 894 2080 teqq.

288 2101 445 2156 Adducitur
453 2116 505 2169 pro
515 2097 710 2154 isat-sententia
718 2103 851 2148 statatum
862 2087 1110 2160 struncqsurtense.

327 2203 355 2236 ιι.
374 2197 413 2236 ιι.

294 2275 330 2325 llt
344 2279 370 2321 et
382 2280 515 2323 statutam
533 2262 791 2333 Wiirtenlergieam.
804 2279 834 2316 n.
850 2269 891 2312 ιι.

293 2353 367 2422 Qaitl
378 2353 467 2422 p'aris,
486 2352 511 2404 si
529 2353 558 2404 in
578 2349 679 2404 bacillo
693 2345 825 2424 ‚saliaria
842 2345 909 2416 puisi
924 2339 1064 2397 incisum?
1081 2358 1110 2394 ιι.

329 2450 371 2488 ιι.
383 2449 474 2506 etseq.

289 2520 407 2576 Privata
419 2517 594 2590 consignatio
605 2513 748 2585 probandi
759 2513 812 2567 uim
826 2529 883 2566 non
897 2511 987 2567 leniet.
998 2529 1024 2562 ιι.
1041 2521 1079 2565 ιι.

289 2606 322 2659 ut·
333 2605 501 2659 adminicula
515 2621 577 2658 cum
597 2600 695 2656 bacillo
714 2599 766 2653 tuti
781 2607 963 2663 concurrunt,
974 2595 1109 2666 probabit.

325 2710 354 2742 n.
371 2703 408 2743 tt.

295 2777 401 2827 Contra
419 2773 582 2828 incidentem
599 2772 700 2840 probat
717 2770 802 2827 etium
828 2765 943 2824 bacillus
960 2763 1110 2820 solitarius.

327 2877 354 2909 n.
374 2871 410 2909 ιι.

293 2948 341 2996 An
354 2941 518 3010 bacillifissi
525 2940 639 3010 probent
648 2955 698 3006 pro
712 2933 874 2991 incidente?
886 2954 915 2988 n.
930 2946 972 2989 ιο.

295 3032 376 3096 Quod
388 3025 550 3098 affirmatur
559 3027 608 3078 sab
622 3025 701 3077 certis
714 3020 935 3078 restrictionibus.
949 3038 976 3074 ιι.
991 3029 1033 3071 ιι.

292 3115 409 3168 Chartae
419 3123 538 3179 partitae
552 3109 712 3182 quomodo?
725 3127 755 3160 n.
768 3119 811 3159 ιι.
821 3116 848 3162 et
859 3122 914 3176 seq.

295 3203 328 3252 ln
343 3201 384 3250 tris
396 3198 548 3266 aliquando
558 3197 716 3264 juramento
728 3193 812 3248 locus.
826 3211 854 3245 ιι.
871 3201 913 3244 ιι.

293 3289 320 3337 A
324 3283 405 3335 licabi
418 3296 479 3333 vero
490 3279 597 3344 penitus
606 3277 768 3348 proltilitae·
779 3295 806 3330 ιι.
823 3287 865 3330 ιι.

297 3367 371 3436 Quid
381 3366 406 3419 si
416 3361 664 3433 dorninussamuto
678 3362 845 3416 commiserit
858 3357 1110 3430 iccillumfistum,

329 3453 372 3506 iric
386 3468 452 3505 vero
466 3451 496 3504 in
508 3449 555 3504 sai
565 3449 739 3504 commodum
750 3448 829 3514 ptura
847 3444 1071 3515 consignaverit?
1083 3461 1111 3496 ιι.

333 3549 375 3590 26.

295 3623 413 3677 Factam
425 3619 615 3691 procuratoris
625 3633 764 3690 quousque
781 3615 894 3672 ιιοιιιιιιο
908 3625 1016 3672 noant.
1028 3633 1055 3668 n.
1070 3625 1111 3668 ιι.

330 3717 423 3778 etseq.

294 3796 418 3850 Domino
427 3807 563 3861 regressus
575 3785 820 3856 contrusamulum
833 3787 924 3842 datar·
938 3807 967 3840 ιι.
980 3798 1022 3842 ιι.

300 3882 373 3950 Quid
380 3879 407 3932 si
419 3880 489 3932 alter
500 3895 561 3930 ouen
564 3875 681 3943 famulo
693 3873 852 3928 colluserit?
864 3891 893 3926 n.
907 3886 950 3926 ιο.

296 3965 401 4021 Ιιαιιιιι
412 3973 497 4016 ιιιυιιι
510 3960 674 4033 confirmati
683 3971 814 4028 quantum
823 3955 960 4026 pmtanst
972 3973 1000 4012 ιι.
1015 3964 1057 4008 ιι.

295 4055 376 4106 Mors
386 4060 428 4104 est
438 4051 499 4103 loco
507 4049 637 4116 juramen
643 4043 673 4097 ti.
687 4063 714 4096 ιι.
730 4055 773 4098 ιι.

299 4141 375 4204 (turne
386 4133 523 4186 sententia
537 4131 626 4184 dulia.
639 4148 666 4182 ιι.
681 4139 723 4181 ιι.

294 4219 358 4272 Νἱιί
368 4212 672 4286 ιιςῙιιιιιιιιιῙιιιιίιΙᾰι
685 4212 866 4282 dignissimum
880 4230 906 4265 n.
922 4221 963 4267 tl.

297 4311 345 4358 An
360 4303 389 4355 in
403 4301 577 4371 irtscriptiune
590 4295 752 4368 taulifisst
761 4297 797 4352 sit
809 4307 1111 4362 mnnutrecagnutnen-

331 4387 385 4441 du?
398 4406 424 4440 ιι.
439 4401 482 4442 ιι.
495 4397 585 4457 etseq.

294 4475 438 4528 Probatur
454 4473 669 4542 recognitionem
685 4467 729 4526 liic
744 4485 802 4522 non
822 4479 880 4522 esse
897 4461 970 4526 adeo
986 4477 1110 4518 neamen-

330 4559 409 4610 rt'nm.
422 4576 450 4610 ιι.
466 4569 509 4609 ιι.

294 4643 357 4696 li‘isi
364 4659 448 4696 caasa
460 4640 623 4696 lucillurum
636 4640 672 4694 sit
683 4637 777 4694 tutta.
791 4655 820 4690 n.
835 4646 878 4690 ιι.

296 4727 458 4794 Acceptart'o
479 4725 570 4779 bacilli
577 4723 647 4793 fissi
662 4723 707 4779 oui
725 4737 809 4778 causo
827 4716 978 4788 inscripta,
998 4713 1111 4776 invaluit

333 4809 391 4879 ep'us
405 4810 646 4880 approbationem.
660 4826 688 4861 ιι.
701 4819 743 4860 ιι.

290 4895 341 4946 En
353 4891 542 4961 bacillisfissis
556 4894 752 4961 datssrparata
766 4889 900 4946 enecatio.
913 4904 941 4940 n.
957 4895 998 4940 ιο.

293 4977 426 5030 Rationes
438 4977 627 5046 sstbp'iciuntar.
641 4993 668 5027 n.
683 4984 726 5030 ιι.
742 4984 767 5026 et
782 4981 826 5024 tt.

292 5059 478 5128 Exceptiones
490 5061 519 5112 in
533 5059 687 5114 continenti
697 5075 754 5110 non
767 5052 939 5124 ttqailatttes
952 5049 1108 5122 bacillufit·

327 5160 358 5197 ro
372 5147 473 5214 opponi
483 5157 624 5216 nequeunt.
637 5163 665 5196 ιι.
680 5153 722 5196 ιι.

295 5231 372 5296 Quae
387 5233 458 5284 actio
472 5233 550 5284 tletur
562 5249 598 5282 esc
612 5223 788 5296 bucillofitto
798 5223 815 5276 i
826 5242 855 5277 ιι.
868 5234 911 5277 ιι.

292 5317 414 5385 li'egntar
423 5316 487 5369 duri
500 5316 646 5368 actionem.
659 5331 684 5364 n.
699 5322 742 5362 ιι.

291 5408 399 5455 Annon
420 5400 525 5455 actioni
542 5400 605 5453 ntiti
621 5417 657 5452 en
675 5397 818 5451 literarum
840 5396 1011 5468 obligatione
1030 5395 1107 5449 locus

325 5486 381 5538 sit?
394 5505 423 5538 ιι.
438 5494 480 5536 ιι.

290 5571 385 5623 Cuma
398 5567 512 5621 debendi
519 5581 628 5632 semper
637 5565 798 5619 necessaria.
813 5583 841 5616 ιι.
854 5572 895 5615 ιι.

296 5655 372 5710 birds
384 5655 491 5710 oriatur
503 5651 646 5706 literarum
660 5649 813 5723 obligatio?
824 5667 852 5702 ιι.
864 5657 906 5701 ts.

1158 749 1242 804 Actio
1257 749 1341 803 datar
1357 766 1395 802 eos
1411 747 1461 802 illo
1480 751 1638 812 σοιιιιιισιιι,
1659 741 1737 816 ruint
1755 743 1871 802 nominc
1883 741 1982 801 lucilli

1195 831 1324 903 monast.
1338 851 1365 888 n.
1380 841 1422 884 ιι.
1436 840 1534 903 etseq.

1159 943 1311 1074 Exposita
1330 1001 1414 1058 torma
1433 1019 1464 1056 ao
1482 1000 1592 1056 materia
1617 1000 1774 1056 basiliarum
1796 997 1923 1056 fissorum
1941 1001 1976 1058 de

1156 1087 1252 1142 effectu
1271 1087 1415 1158 egentium,
1428 1087 1475 1142 ubi
1494 1089 1584 1158 primo
1596 1088 1653 1140 loco
1666 1085 1853 1140 considerandi
1868 1087 1979 1143 ueniunt

1155 1171 1246 1226 bacilli
1264 1170 1338 1236 lissi,
1357 1182 1487 1242 quatenus
1504 1172 1561 1226 iltis
1584 1170 1718 1243 probandi
1744 1171 1784 1226 sis
1809 1171 1878 1226 insit
1906 1173 1980 1226 osn-

1157 1265 1214 1309 tum
1227 1255 1300 1308 enirn
1316 1255 1429 1309 interest
1442 1255 1526 1322 scire,
1538 1265 1662 1324 quautam
1676 1253 1776 1310 lenient
1787 1249 1887 1320 fidem,
1899 1271 1978 1325 pree·

1158 1341 1252 1394 sertim
1270 1359 1331 1394 cusn
1352 1341 1416 1394 heeo
1432 1341 1554 1410 quaestio
1571 1338 1692 1408 qttotidie
1712 1339 1796 1394 terme
1809 1341 1893 1394 ,inter
1910 1356 1975 1410 per·

1158 1437 1197 1479 tes
1215 1426 1351 1496 litigantes
1371 1425 1530 1490 ventiletur,
1551 1435 1579 1478 et
1595 1423 1637 1476 illi
1657 1440 1691 1478 ex
1710 1424 1851 1478 inueterata
1862 1441 1978 1480 conuse-

1159 1509 1253 1562 tudine
1272 1519 1326 1562 tatu
1341 1512 1413 1573 ruri,
1425 1527 1504 1579 quens
1518 1510 1546 1562 in
1558 1507 1670 1580 oppidis
1684 1511 1741 1562 sint
1754 1509 1977 1578 frequentissimi.

1158 1593 1227 1646 Sene
1246 1591 1392 1647 secantium
1411 1593 1479 1660 iuris
1496 1593 1587 1646 civilis
1605 1604 1761 1662 ergumeutn
1773 1593 1836 1664 (his
1854 1594 1928 1646 enim
1948 1593 1979 1652 iu

1159 1676 1270 1730 muteris
1290 1679 1339 1729 han
1357 1679 1409 1745 juri
1425 1677 1559 1747 incognite
1572 1681 1667 1734 saitem
1686 1679 1724 1734 usi
1737 1679 1980 1750 licebit)ststuen·

1158 1760 1238 1824 lusu,
1252 1760 1359 1816 bacillis
1377 1759 1450 1814 fissis
1462 1761 1581 1816 mmdem
1594 1762 1681 1818 inesse
1692 1764 1746 1816 vim
1757 1763 1901 1833 probandi,
1913 1781 1981 1833 quas

1158 1846 1277 1916 privatae
1295 1845 1458 1918 scripturae,
1469 1857 1496 1900 et
1514 1847 1583 1901 sieut
1601 1847 1664 1900 been
1682 1847 1762 1918 piene
1780 1846 1873 1918 probet
1889 1859 1981 1902 contra

1159 1929 1338 1993 scribentem,
1351 1931 1376 1982 si
1389 1942 1489 1984 constat
1507 1932 1565 1998 ejus
1584 1945 1664 1982 manu
1683 1933 1791 2001 proprie
1809 1929 1895 1984 inisse
1912 1934 1981 1984 scri-

1159 2024 1251 2082 ptam,
1267 2015 1308 2067 sel
1326 2031 1373 2084 per
1391 2014 1590 2068 mniessioucm
1614 2017 1686 2082 eins,
1703 2018 1743 2070 sei
1769 2017 1878 2069 testium
1900 2015 1982 2087 depo·

1159 2097 1300 2164 titionem,
1320 2099 1336 2150 l.
1352 2097 1545 2154 instrumenta.
1566 2113 1590 2152 ι.
1609 2099 1629 2154 l.
1648 2100 1782 2165 exemplo.
1797 2111 1822 2152 t.
1836 2119 1859 2154 e.
1870 2103 1979 2170 ‹lepro-

1160 2182 1217 2235 iut.
1237 2183 1289 2236 Du.
1309 2185 1400 2237 Strui.
1413 2201 1463 2237 esc.
1479 2195 1520 2236 ιι.
1534 2186 1573 2238 tlt.
1588 2193 1629 2234 ιι.
1650 2183 1726 2239 Boer·
1746 2186 1801 2237 dec.
1825 2195 1883 2240 ιιι.
1901 2189 1936 2242 ιιι
1954 2200 1982 2244 ιι

1158 2263 1206 2316 ιιοι
1225 2265 1301 2334 piene
1318 2267 1400 2319 etiam
1418 2267 1547 2336 prebere,
1567 2267 1673 2336 siquid
1701 2267 1863 2338 inscriptum
1886 2280 1982 2324 contra

1158 2348 1321 2402 scribentem
1339 2351 1556 2405 ettnmdentem:
1570 2352 1754 2406 babere-enirn
1774 2353 1882 2406 berillos
1899 2352 1980 2412 linens

1160 2432 1213 2488 sim
1231 2435 1326 2503 privati
1347 2439 1532 2506 instrumenti,
1543 2455 1575 2492 ea
1591 2437 1684 2492 Booer.
1696 2457 1721 2508 p
1739 2449 1762 2490 ι.
1776 2439 1855 2493 class.
1870 2451 1895 2492 s.
1908 2439 1977 2508 disp.

1161 2528 1204 2570 ιι.
1221 2519 1258 2570 tls·
1281 2531 1322 2572 ts.
1341 2520 1423 2574 relect
1440 2521 1484 2574 tin.
1510 2522 1633 2578 Gosttin.
1651 2521 1685 2574 ab
1702 2521 1815 2576 Esbncb·
1842 2523 1870 2574 in
1889 2524 1976 2578 addit.

1159 2603 1199 2656 ati
1215 2603 1308 2674 Carpe.
1323 2624 1350 2674 p.
1372 2615 1395 2658 t.
1413 2607 1500 2660 conci
1516 2616 1538 2658 ι.
1552 2605 1608 2676 def.
1623 2619 1647 2658 ι.
1659 2607 1726 2661 Nem
1741 2609 1804 2661 lieet
1815 2607 1906 2662 berilli
1918 2605 1980 2664 fissi

1162 2702 1281 2744 retornus
1300 2687 1541 2742 instrumentorum
1560 2708 1659 2744 nomeu
1676 2709 1731 2744 non
1747 2692 1981 2758 obtineeutposnn

1161 2789 1247 2842 neque
1265 2773 1371 2838 literis,
1384 2773 1537 2843 nequeatis
1555 2783 1629 2845 parte
1647 2775 1820 2830 instrumenti
1839 2786 1981 2844 monetent,

1162 2866 1232 2908 reete
1252 2866 1339 2910 temen
1356 2856 1484 2910 dicuntur
1502 2859 1578 2927 quasi
1599 2857 1870 2929 instrumente,quad
1889 2863 1981 2914 eneto-

1159 2940 1202 3010 gia
1220 2941 1331 3011 quatiam
1353 2958 1409 2996 sera
1430 2943 1609 2996 instrumente
1628 2945 1783 3007 imitentur,
1796 2954 1822 2996 et
1835 2943 1867 2998 ed
1886 2963 1980 3002 eorum

1162 3026 1369 3080 similitudinem
1389 3030 1530 3100 proprium
1549 3045 1608 3082 tutu
1629 3028 1685 3082 illie
1709 3028 1831 3084 ellectum
1853 3031 1981 3093 Ιιιιιιιιιι.

1161 3127 1219 3181 arg.
1239 3110 1258 3164 l.
1279 3121 1321 3164 ιι.
1330 3111 1372 3180 Ι.
1390 3113 1423 3167 sle
1438 3113 1548 3180 probat.
1566 3115 1584 3167 l.
1603 3131 1694 3169 unuc-
1714 3113 1788 3170 adet.
1811 3114 1903 3170 ttuett.
1922 3135 1981 3187 arg.

1160 3197 1177 3250 l.
1201 3209 1225 3250 ι.
1233 3196 1276 3266 Ι.
1287 3200 1320 3252 de
1338 3208 1434 3267 recept.
1448 3199 1497 3268 pai
1507 3197 1602 3253 arbitr.
1622 3197 1726 3252 Bornit.
1739 3199 1778 3252 de
1796 3198 1921 3254 instram.
1934 3201 1981 3256 lib.

1163 3292 1187 3333 ι.
1205 3299 1264 3350 cap.
1286 3291 1330 3334 ιι.
1348 3282 1482 3336 Dicuntur
1502 3283 1564 3336 tatia
1582 3283 1703 3353 opposite
1723 3283 1857 3352 propriis,
1876 3295 1903 3336 et
1921 3303 1983 3354 per·
2020 3297 2036 3341 ι

1164 3363 1240 3417 tinais
1253 3367 1328 3432 qussi
1348 3367 1415 3420 solet
1428 3383 1491 3420 esse
1502 3377 1570 3420 note
1584 3365 1815 3437 improprietate,
1829 3369 1909 3421 sicuti
1922 3373 1984 3438 ejus

1161 3451 1201 3501 rei
1225 3450 1346 3520 exempla
1374 3451 1500 3504 babemus
1524 3449 1664 3504 innostro
1688 3452 1762 3517 iure,
1782 3460 1812 3504 ut
1831 3463 1983 3508 conuentus

1163 3536 1203 3587 ιιι
1221 3536 1311 3602 quasi,
1330 3532 1460 3589 meleficia
1480 3538 1520 3590 sel
1535 3537 1609 3606 qussi
1618 3572 1627 3601 ,
1639 3533 1662 3606 fi.
1680 3546 1700 3587 ι.
1713 3535 1778 3589 inst.
1796 3538 1831 3590 sle
1842 3537 1897 3590 obl.
1909 3557 1982 3607 quae

1162 3639 1198 3674 en
1214 3622 1265 3674 del.
1285 3641 1361 3676 nnsc.
1374 3622 1429 3675 Neo
1442 3622 1469 3674 ιιι
1484 3623 1537 3690 juri
1551 3635 1642 3678 nostro
1653 3624 1834 3690 incognitum,
1848 3623 1913 3679 adeo
1926 3627 1981 3682 iate

1162 3704 1401 3758 instrumentorum¹
1416 3707 1621 3777 appellationem
1634 3705 1794 3772 extendere,
1807 3708 1978 3778 quippenam

1160 3789 1234 3856 juxte
1255 3791 1364 3843 Paestum
1382 3793 1470 3844 ictum
1489 3791 1580 3844 omnia
1607 3791 1844 3860 instrumentorum
1870 3794 1982 3848 nomine

1162 3874 1341 3943 accipientur,
1359 3873 1455 3945 quibus
1473 3893 1550 3928 cause
1575 3875 1673 3930 instrui
1698 3887 1801 3946 potest,
1817 3875 1884 3935 alen
1905 3888 1936 3930 ut
1953 3889 1983 3932 et

1163 3954 1314 4008 testimonia
1333 3975 1507 4026 personemus
1520 3960 1756 4012 instrumentorum
1770 3960 1826 4012 tooo
1839 3959 1983 4014 habeantur

1122 4082 1125 4087 .
1161 4039 1179 4090 l.
1202 4051 1224 4091 ι.
1233 4035 1275 4106 Ι.
1294 4041 1326 4094 de
1343 4041 1391 4106 fid.
1411 4041 1535 4096 instrum.
1555 4039 1663 4096 conta.
1683 4054 1726 4095 ιι.
1745 4050 1767 4104 ι.
1782 4056 1804 4098 ι.
1811 4043 1852 4113 Ι
1864 4043 1897 4096 sle
1915 4061 1944 4096 v.
1956 4061 1980 4096 s.

1161 4121 1234 4174 Pete.
1252 4123 1365 4192 Gregor.
1384 4125 1491 4179 Τιιοιοι.
1515 4135 1651 4197 syntagm.
1664 4126 1721 4196 jar.
1741 4126 1760 4178 l.
1787 4137 1829 4178 ιι.
1844 4144 1869 4180 c.
1884 4136 1932 4179 st.
1946 4145 1979 4182 ιι.

1165 4216 1187 4258 ι.
1204 4205 1337 4259 Muscersl.
1356 4208 1389 4261 sle
1405 4209 1515 4276 proint.
1534 4209 1586 4262 vol·
1601 4221 1631 4260 Ιι.
1648 4229 1693 4279 uu.
1713 4221 1735 4266 ι.
1753 4219 1811 4260 ttt.
1823 4209 1910 4262 Μιιιο
1924 4227 1981 4261 ιιι·
2018 4212 2034 4254 ⁶

1159 4291 1201 4358 gis
1219 4307 1280 4360 crgo
1299 4291 1389 4346 bacilli
1408 4289 1466 4345 fissi
1484 4311 1515 4346 en
1533 4292 1720 4363 pertinebunt,
1733 4303 1823 4364 utpute
1836 4293 1864 4346 in
1882 4293 1981 4361 quibus

1160 4377 1247 4446 eliqua
1270 4378 1415 4446 inscriptio
1438 4389 1462 4431 et
1481 4376 1595 4442 incisio,
1618 4378 1722 4447 pariter
1745 4377 1866 4431 debitum
1887 4377 1981 4447 expri-

1161 4478 1236 4514 mens
1254 4479 1284 4514 ιι
1302 4462 1405 4525 literae,
1419 4460 1644 4530 deprehensiiutrs
1658 4479 1753 4533 paratu
1771 4461 1844 4516 enim
1866 4463 1981 4516 interest

1161 4547 1190 4598 iu
1208 4565 1259 4616 qun
1278 4545 1389 4600 materie
1408 4544 1557 4608 scribetur,
1571 4545 1677 4598 Metius
1692 4565 1721 4612 p.
1738 4543 1849 4602 udonis.
1862 4557 1887 4596 ι.
1901 4543 1980 4614 Quod
2018 4569 2033 4611 ς

1160 4630 1247 4700 ipsum
1265 4630 1485 4686 obsecrasseltac
1508 4626 1563 4686 fine
1589 4632 1726 4701 proderit,
1745 4641 1774 4684 nt
1797 4632 1820 4683 si
1839 4631 1983 4698 eontigerit

1159 4733 1234 4770 meus
1254 4715 1282 4768 iu
1302 4715 1417 4782 jndicio,
1436 4715 1483 4769 ubi
1507 4715 1590 4768 acturi
1609 4715 1733 4784 probatio
1751 4715 1914 4769 intentionis
1934 4732 1983 4785 per

1160 4797 1337 4852 instrumente
1355 4800 1487 4866 injuncte,
1499 4799 1538 4850 ibi
1550 4799 1704 4867 quaeritur,
1717 4815 1751 4852 au
1768 4801 1850 4852 etiem
1870 4817 1919 4867 per
1932 4802 1980 4854 be·

1158 4885 1234 4938 cilios
1250 4879 1335 4937 beros
1355 4883 1515 4953 probaturus
1537 4883 1714 4938 admittatur?
1739 4885 1809 4954 quod
1835 4881 1978 4943 affirman-

1157 4973 1220 5026 tun
1240 4981 1320 5041 puto,
1338 4985 1392 5038 urg.
1418 4970 1482 5024 silet.
1500 4980 1574 5022 cert.
1601 4971 1674 5022 itinn
1692 4986 1724 5022 ex
1742 4971 1763 5023 l.
1784 4984 1808 5026 t.
1827 4971 1856 5025 in
1864 4969 1926 5039 fin.
1934 4969 1979 5040 Ι.

1158 5059 1191 5111 de
1199 5056 1256 5127 fid.
1274 5057 1397 5108 instrum.
1424 5055 1526 5126 colligit
1550 5053 1714 5112 Gntboired.
1733 5054 1762 5108 in
1782 5064 1840 5109 not.
1859 5055 1898 5110 (ιιι
1915 5055 1981 5112 sil.

1157 5143 1227 5212 (μοι
1234 5143 1434 5196 ,messeanam
1444 5161 1468 5194 ,ιι
1484 5141 1592 5210 jndice,
1604 5149 1633 5193 ut
1653 5141 1833 5194 intentionem
1846 5157 1917 5194 suern
1931 5157 1979 5210 per

1157 5227 1312 5279 documenta
1340 5225 1449 5295 probet,
1474 5226 1594 5277 ιιιιιιιιιι
1619 5242 1667 5295 per
1693 5242 1820 5294 personas
1846 5234 1873 5281 et
1897 5235 1980 5278 testes

1157 5311 1202 5380 (et
1221 5311 1355 5365 nicetium
1375 5327 1424 5380 per
1442 5309 1551 5363 bacillos
1569 5307 1665 5380 fissos)
1678 5311 1790 5378 probare
1807 5310 1909 5380 possit:
1922 5327 1980 5362 em-

1158 5395 1264 5466 ptionis
1288 5396 1362 5447 enisu
1389 5395 1416 5446 in
1440 5393 1521 5447 labio
1547 5394 1732 5466 probationum
1758 5395 1814 5462 sia,
1833 5411 1887 5448 uon
1914 5413 1977 5450 ross·

1157 5481 1324 5546 stringentis.

1195 5565 1260 5615 Dixi
1278 5581 1338 5617 vero
1357 5572 1432 5616 entes
1449 5560 1560 5615 bacillos
1578 5557 1657 5615 iissos
1676 5561 1729 5618 sim
1756 5562 1855 5633 privati
1874 5561 1976 5615 instru-
2013 5573 2027 5614 ι

1158 5646 1242 5702 menti
1260 5646 1372 5718 habere,
1390 5663 1550 5719 quemquem
1568 5644 1600 5702 le
1618 5645 1713 5701 etinctu
1733 5645 1906 5721 probationis
1926 5644 1976 5698 bo-
