4338 6240
403 269 454 332 boi

352 378 417 433 cta,
435 365 504 437 quod
524 381 578 420 non
598 363 674 418 laeile
691 361 762 417 scire
779 362 864 434 pessit
882 365 1012 421 secundus
1036 371 1168 436 creditor,

348 454 413 524 quid
434 455 505 504 inter
523 469 600 514 euna,
619 451 664 520 qni
684 449 831 516 delegatus,
849 461 872 502 et
897 447 1060 518 delegantem
1080 455 1116 506 sit
1140 472 1166 508 e·

350 551 440 602 cturu;
458 549 503 591 aut
521 538 544 588 si
563 537 629 597 scit,
648 533 819 585 dissimulare
836 532 930 595 debet,
945 551 977 584 ue
989 536 1166 594 ridenturcu·

277 649 309 692 ῃ
348 628 444 678 riorus.
464 619 644 688 destringitur
661 627 749 668 tamen
769 617 869 668 isthaec
886 616 1000 681 decisio,
1019 629 1045 670 et
1064 621 1102 670 sic
1122 635 1167 672 su·

347 713 454 766 tiositas
473 705 599 778 quaedam
618 701 743 753 creditori
765 700 919 768 injungitur.
938 701 980 770 (t)
1006 703 1035 754 in
1061 703 1164 771 delege-

348 797 421 850 tioue
441 793 563 846 minoris.
582 789 635 838 llic
654 787 737 846 enim,
756 787 778 834 si
798 786 1017 854 circumscriptus
1035 791 1163 856 promise-

348 881 398 943 rit,
414 877 549 944 delegatus
564 887 669 942 quoque
685 887 713 921 se
733 866 850 920 tuebitur
868 871 1020 939 exceptione
1038 872 1161 926 adversus

346 981 427 1024 euru,
447 960 489 1012 cui
510 958 662 1024 delegatus,
683 969 741 1004 ctsm
761 953 854 1016 duret,
873 955 1087 1023 circumscriptio
1104 957 1129 1010 d.
1142 958 1161 1008 l.

349 1059 390 1100 te.
409 1045 460 1114 (2.)
479 1046 505 1094 in
525 1041 707 1106 delegatione,
727 1037 862 1098 mulieris,
880 1037 980 1106 quippe
997 1056 1063 1106 qnae
1087 1057 1161 1092 exce-

276 1155 307 1199 05
346 1131 438 1200 ptioue
456 1127 503 1180 ecti
523 1125 642 1191 relleisni
662 1141 690 1176 se
709 1121 851 1174 defendere
869 1124 976 1192 poterit.
997 1123 1092 1176 Obiter
1117 1125 1161 1178 bic

345 1213 431 1270 notari
451 1211 550 1282 poterit
568 1209 721 1268 distinctio,
740 1223 818 1274 quum
838 1205 867 1257 in
887 1205 904 1256 l.
932 1219 971 1258 tr.
986 1202 1027 1272 ffi
1051 1207 1090 1260 ed
1109 1219 1158 1262 sct.

343 1299 434 1366 vellep'.
453 1296 552 1348 iaciunt
571 1295 635 1359 jura.
655 1291 802 1342 Plurimum
829 1290 886 1341 scil.
912 1289 1012 1342 ibidem
1032 1290 1159 1346 interesse

343 1381 455 1446 dicitur,
474 1392 563 1432 utruru
583 1391 642 1429 cum
662 1376 773 1427 muliere
789 1375 849 1442 quis
868 1373 901 1427 sb
920 1375 999 1428 initio
1015 1379 1158 1445 contrabat,

344 1483 377 1518 au
396 1467 508 1517 alienam
527 1461 730 1530 obligationem,
749 1477 772 1511 e·
791 1461 814 1525 ti.
834 1477 882 1530 per
902 1459 1105 1527 delegationem,
1129 1463 1158 1514 iu

343 1567 400 1598 eam
423 1547 571 1600 transierat.
592 1547 649 1596 iloc
668 1561 730 1596 casu
754 1543 925 1612 diligentior,
951 1542 978 1592 id
1002 1553 1055 1605 est,
1081 1553 1159 1612 prout

341 1633 456 1703 explicat
475 1629 601 1682 Gotboir.
621 1628 659 1679 ed
675 1628 700 1679 d.
719 1629 737 1679 l.
756 1625 881 1678 Curiosus
900 1625 978 1677 debet
996 1642 1053 1676 esse
1071 1626 1157 1679 credi-

342 1729 393 1782 tor,
413 1718 489 1788 quale
507 1727 531 1770 et
549 1714 618 1768 uude
637 1711 703 1764 illud
722 1710 842 1762 debitum
861 1711 913 1768 sit,
933 1710 960 1761 in
973 1708 1042 1777 quod
1057 1709 1158 1777 netega-
1183 1775 1187 1790 Ι

272 1796 303 1837 ⁶⁶
344 1812 393 1854 tur.
415 1804 464 1854 lllo
484 1816 543 1853 reto
562 1799 723 1867 neutiquam.
743 1795 814 1847 ilinc
831 1793 937 1845 etiarnsi
957 1791 1074 1844 creditor
1093 1809 1157 1844 uxo-

341 1904 397 1940 rem
413 1887 440 1937 in
453 1884 622 1938 commodum
634 1881 726 1934 mariti
740 1879 896 1931 contrahere
917 1879 998 1940 sciat,
1019 1877 1158 1929 nibilomi-

338 1989 389 2026 nus
409 1987 516 2023 uxorem
538 1986 590 2022 non
609 1970 692 2035 jurari
714 1965 808 2016 scribit
828 1961 936 2030 magnii.
956 1963 982 2012 d.
1001 1960 1102 2012 Brenn.
1121 1961 1160 2012 od

339 2053 357 2105 1.
380 2067 419 2106 tt.
438 2070 461 2106 c.
481 2054 517 2104 od
534 2062 582 2104 sct.
603 2049 688 2116 aellep'.
711 2047 746 2099 ob
770 2045 917 2106 rationem,
936 2061 1014 2113 quam
1033 2043 1155 2111 subjicit,

336 2137 402 2207 quie
422 2136 540 2187 creditor
557 2151 613 2185 non
633 2141 737 2185 tenetur·
753 2131 859 2184 curiose
874 2127 956 2180 nimis
966 2128 1112 2197 inquirere,
1125 2127 1156 2178 iu

337 2241 417 2291 quern
436 2239 514 2275 asnaa
533 2219 630 2273 mulier
643 2216 786 2288 pecuniam
805 2215 898 2266 dotem
917 2223 1080 2274 convertam
1100 2231 1156 2264 mo·

338 2313 374 2364 do
393 2320 495 2366 tamen,
513 2305 627 2356 creditor
647 2299 680 2352 ab
700 2301 759 2370 ipsa
779 2315 860 2351 uxore
886 2296 1082 2364 interpelletur,
1102 2312 1154 2346 uon

338 2417 352 2448 a
372 2395 474 2449 marito.
493 2393 550 2442 lloc
570 2389 641 2439 enirn
662 2387 684 2438 si
705 2384 821 2447 lactum,
841 2380 1057 2448 colorquacsitus
1074 2395 1155 2448 appa·

338 2479 422 2541 sebit,
441 2487 468 2528 ct
487 2469 634 2542 exceptioni
654 2466 886 2522 senatus-consulti
905 2466 977 2517 locus
995 2461 1049 2516 stet.

267 2583 298 2624 er
374 2565 395 2616 b
410 2560 574 2628 delegatione
587 2553 676 2606 differt
688 2550 772 2605 cessio
784 2549 904 2602 nominis
918 2548 955 2598 rel
970 2544 1093 2597 sotionis.
1107 2545 1154 2598 llla

335 2647 433 2722 quippe
444 2655 470 2698 ct
482 2644 616 2712 delegante
633 2647 661 2692 ct
679 2635 797 2706 delegato
810 2634 913 2687 sciente
925 2641 953 2684 et
965 2630 1152 2684 consentiente

947 273 1137 332 ntsrnrtr.
1157 241 1231 334 int.
1250 279 1369 337 ctscr
1385 285 1432 340 tr.

1924 283 1978 336 liat

1215 371 1275 428 tier
1291 377 1380 434 debet:
1396 377 1422 429 in
1435 377 1483 432 bac
1495 395 1557 434 reso
1568 377 1697 436 debitoris
1709 380 1775 434 cessi
1794 378 1905 434 seientia
1919 395 1975 432 non
1989 386 2037 431 re·

1215 458 1349 524 quiritur,
1367 460 1386 511 l.
1404 473 1425 512 t.
1436 479 1458 512 e.
1469 461 1502 514 de
1514 475 1606 516 nouat.
1619 475 1645 517 et
1658 466 1770 532 delegat.
1790 465 1841 518 Per
1861 463 1932 513 illam
1940 497 1950 526 ,
1970 461 2034 528 qul·

1215 543 1353 594 solutionis
1371 546 1476 613 supplet
1488 547 1572 608 sices,
1585 550 1661 617 prior
1670 549 1797 617 obligatio
1810 547 1927 602 tollitur.
1945 555 1973 596 et
1986 561 2035 596 no·

1213 643 1243 678 sa
1256 631 1328 679 inter
1340 629 1514 693 creditorem,
1533 632 1576 682 cui
1601 633 1732 702 delegatio
1744 629 1790 693 lit,
1805 631 1946 699 ipsumque
1957 625 2033 678 debi-

1212 721 1296 762 turem
1324 713 1471 774 deterrarum
1495 717 1675 776 contrabiturg
1701 719 1730 766 in
1755 717 1802 764 bae
1822 729 1881 764 sero
1906 711 1981 781 prior
2005 718 2035 763 et

1211 805 1270 866 posi
1285 796 1430 846 cessionem
1455 798 1524 849 salsa
1552 812 1654 859 manet,
1668 809 1746 866 atque
1760 798 1825 848 bine
1838 794 1943 846 eaedem
1956 809 2034 846 esee·

1211 882 1326 951 ptiunes,
1337 897 1371 948 qu
1380 897 1402 931 ·e
1412 880 1517 932 cedenti
1529 881 1645 943 obstant,
1659 879 1819 934 cessionario
1831 893 1947 946 quoqne,
1961 873 2033 944 qasotl

1210 965 1239 1016 in
1259 963 1421 1028 delegatione
1441 967 1536 1017 itidem
1557 983 1631 1018 secus
1651 983 1678 1016 se
1699 967 1790 1026 babet,
1808 962 1908 1030 opponi
1930 960 2033 1028 ipsum·

1209 1065 1260 1116 que
1279 1049 1397 1100 debitum
1418 1069 1432 1099 a
1449 1049 1555 1102 cedente
1574 1049 1660 1118 erigi,
1675 1061 1698 1102 et
1713 1070 1726 1099 a
1741 1049 1863 1100 debitore
1880 1045 1967 1096 cidens
1982 1043 2035 1094 im·

1209 1149 1280 1202 pune
1299 1133 1363 1185 solri
1384 1133 1492 1202 poterit,
1513 1133 1565 1186 nisi
1585 1133 1655 1187 inter
1672 1133 1862 1186 cessionarium
1881 1141 1909 1182 et
1926 1145 2032 1184 cessum

1210 1213 1359 1268 debitorem
1381 1218 1416 1268 lis
1434 1227 1597 1278 contestata,
1617 1218 1657 1270 rel
1676 1217 1777 1287 aliquid
1798 1234 1831 1268 ex
1850 1215 1941 1268 debito
1960 1214 2033 1268 solu·

1212 1305 1286 1361 tum,
1306 1299 1346 1350 rel
1365 1297 1480 1360 debitori
1504 1300 1591 1352 cessio
1610 1302 1733 1367 jamtum
1754 1298 1911 1350 denunciata
1931 1296 1987 1360 sit,
2013 1294 2032 1348 l.
2067 1345 2073 1352 .

1209 1392 1234 1432 t.
1253 1399 1275 1433 c.
1294 1383 1319 1434 d.
1339 1381 1380 1433 tit.
1398 1383 1469 1452 Quid
1488 1401 1562 1448 sero,
1583 1383 1605 1436 si
1625 1386 1727 1437 nattum
1747 1383 1839 1435 borum
1861 1379 1960 1432 lactum
1975 1378 2027 1441 sit,

1207 1466 1254 1517 sed
1275 1465 1379 1520 debitor
1397 1470 1516 1520 ctariosus
1542 1470 1639 1534 inerit,
1657 1481 1683 1522 et
1699 1467 1830 1529 aliunde,
1858 1481 1954 1518 nornen
1973 1479 2031 1516 ces

1207 1563 1263 1598 sutn
1284 1565 1356 1612 esse,
1375 1551 1532 1616 resciverit,
1553 1556 1686 1621 poteritne
1702 1553 1790 1604 adbuc
1808 1551 1905 1628 cedens
1922 1549 2030 1616 exigere

1205 1628 1342 1696 debitum,
1362 1632 1520 1704 debitorque
1539 1635 1660 1690 solvere?
1679 1637 1793 1687 variant
1807 1633 1835 1686 in
1851 1633 1928 1698 buius
1948 1649 2031 1701 quse·

1205 1714 1304 1767 stiouis
1323 1716 1458 1771 decisione
1476 1719 1520 1772 dd.
1539 1720 1609 1787 quod
1627 1719 1718 1772 ridere
1735 1729 1777 1770 est
1795 1737 1837 1787 ap.
1857 1717 1902 1770 dn.
1922 1716 2028 1770 Brona.

1206 1797 1235 1848 in
1255 1807 1289 1850 tr.
1307 1799 1340 1850 de
1357 1800 1472 1853 cession.
1491 1812 1545 1854 oet.
1564 1821 1587 1856 c.
1608 1815 1621 1854 s
1651 1819 1677 1854 u.
1693 1812 1774 1854 emet
1793 1813 1834 1854 22.
1854 1801 1908 1852 tttt
1927 1803 2030 1871 quippe

1206 1881 1324 1932 eamdem
1343 1895 1460 1949 negant,
1479 1887 1551 1951 quod
1576 1894 1601 1938 et
1627 1884 1689 1938 lacit
1714 1885 1810 1950 ttttttg.
1829 1883 1860 1935 ad
1883 1884 1988 1934 Douell.
2009 1885 2027 1934 l.

1206 1971 1250 2014 ts.
1268 1967 1292 2014 οὲ
1311 1974 1353 2016 ts.
1370 1965 1409 2018 lit.
1429 1987 1457 2019 n.
1478 1969 1533 2020 ttti
1553 1969 1745 2038 distinguendo
1764 1969 1940 2038 respondent,
1961 1985 2030 2035 quos

1205 2047 1327 2115 “quitur
1345 2049 1455 2116 Srlgado
1479 2053 1508 2104 in
1532 2054 1634 2121 Labyr.
1662 2053 1787 2106 creditor.
1805 2071 1831 2118 p.
1853 2067 1875 2103 t.
1894 2069 1916 2104 c.
1937 2060 1980 2102 tt.
2000 2070 2029 2104 n.

1207 2140 1250 2180 to.
1268 2140 1294 2183 et
1310 2145 1383 2203 seqq.
1402 2132 1456 2186 Nos
1474 2153 1536 2204 entu-
1547 2137 1593 2189 dn.
1607 2137 1711 2188 Brunn.
1723 2138 1773 2190 cll.
1784 2137 1801 2188 l.
1815 2155 1842 2188 n.
1860 2135 2029 2188 iniunctae

1205 2213 1341 2268 scientiam
1368 2233 1419 2270 non
1446 2215 1594 2282 sufficere,
1620 2220 1666 2271 aed
1692 2221 1776 2272 adbuc
1794 2219 2031 2271 denunciationem

1205 2301 1381 2352 neccessariam
1395 2319 1469 2367 csse,
1488 2306 1636 2358 statuimus.
1655 2307 1683 2356 ln
1699 2308 1734 2358 iis
1746 2307 1820 2358 enim
1841 2306 1945 2356 casibus
1958 2341 1965 2367 ,
1980 2304 2030 2356 ubi

1205 2379 1377 2436 denunciatio
1402 2401 1449 2454 pro
1470 2384 1555 2440 forma
1581 2387 1744 2456 requiritur,
1770 2389 1823 2439 sols
1844 2387 1956 2438 scientia
1974 2401 2030 2440 nou

1206 2461 1318 2516 solticit.
1337 2467 1399 2520 vid.
1418 2467 1535 2524 Barbosa
1553 2471 1583 2526 in
1603 2471 1792 2528 axiomatibus
1814 2470 1867 2524 sul
1883 2486 1954 2524 voce
1971 2483 2030 2524 oer-

1204 2559 1256 2602 ιω.
1275 2551 1381 2606 acum.
1402 2563 1424 2608 t.

1030 2792 1278 2861 CAPUT
1324 2796 1368 2862 V.

649 2976 703 3042 Dc
725 2969 937 3038 curiositatis
959 2967 1078 3057 effectu
1100 2967 1140 3030 in
1162 2964 1297 3034 actibus
1315 2977 1529 3064 priuatorum
1552 2971 1701 3040 illicitis.

572 3155 920 3216 SUMMARIA.

334 3341 444 3398 Delicta
460 3329 648 3408 praetrtplicic?
663 3347 691 3380 n.
707 3340 730 3380 t.

333 3429 450 3480 Furtum
465 3444 483 3476 u
496 3415 648 3472 domesticis
670 3409 847 3469 commissum
866 3421 923 3460 nott
943 3403 1011 3460 adeo
1029 3399 1154 3471 grauiter

367 3509 488 3578 panitur.
501 3520 527 3552 n.
542 3513 564 3554 2.

333 3593 426 3662 ΗιιῘιιε
439 3581 641 3642 constitutionis
653 3578 735 3634 rotie.
751 3597 778 3631 n.
792 3590 816 3629 ³.
831 3586 854 3627 t.
1146 3652 1154 3668 .

337 3679 377 3730 lli
390 3675 521 3728 oretissam
540 3668 726 3725 curiositatem
754 3663 872 3717 debitam
891 3677 927 3714 es.-
944 3656 963 3711 l.
982 3655 1087 3729 eqrrilic
1105 3671 1152 3725 ogr

366 3769 460 3824 potest.
475 3777 502 3808 n.
518 3769 540 3806 t.

327 3843 505 3902 Curiositctis
524 3836 638 3905 effectus
650 3833 678 3886 irt
694 3829 813 3900 injuriis.
828 3848 855 3881 n.
872 3840 895 3880 6.
911 3838 936 3878 t.
951 3837 977 3877 2.

328 3929 363 3983 d'i
380 3929 495 3980 ulterram
507 3917 748 3987 interrogaverim,
761 3908 857 3980 unsar
866 3911 916 3974 sit,
938 3927 975 3976 aa
990 3907 1068 3960 detur
1079 3902 1150 3973 inju-

365 4012 470 4064 riarum
485 4005 577 4062 actio?
590 4021 615 4054 n.
630 4016 655 4052 s.

330 4096 497 4160 Astrologas
510 4107 546 4142 aa
559 4087 725 4155 injuriarum
738 4088 873 4142 teneatur,
887 4073 912 4128 si
922 4073 1064 4128 consultus
1081 4069 1148 4122 otte·

366 4177 526 4245 rumfnrern
539 4169 662 4225 dixerit?
673 4189 700 4222 rt·
718 4180 759 4218 tu.

333 4259 508 4316 curiositatis
522 4255 636 4325 effectus
648 4253 675 4303 in
690 4247 802 4306 crimine
816 4245 909 4299 laesae
921 4241 1027 4310 majest.
1040 4255 1068 4290 u.
1089 4245 1130 4287 tt.

328 4344 438 4401 Conscii
449 4343 529 4411 liujus
541 4337 664 4392 criminis
677 4333 760 4389 etiarn
770 4329 932 4400 pensitantur.
946 4345 974 4378 n.
992 4335 1030 4376 tt.

327 4431 402 4483 Jttaa
416 4428 451 4480 ab
465 4443 629 4493 renuntioque
642 4417 873 4474 denunciandum.
886 4429 912 4462 n.
929 4423 970 4462 ts.

328 4515 375 4568 An
389 4508 556 4563 denunciare
570 4515 715 4571 teueotar,
733 4501 782 4572 qui
797 4499 916 4568 probare
932 4511 988 4548 uon
998 4487 1110 4562 potest?
1120 4503 1147 4540 n.

372 4607 412 4646 ll·
436 4608 474 4647 18.
505 4605 545 4644 19.

332 4675 505 4732 curiositatis
517 4673 607 4744 gretia
623 4682 755 4742 tangens,
768 4685 804 4721 an
817 4661 926 4732 peccet?
939 4681 967 4715 n.
981 4671 1021 4713 2ο.

330 4765 403 4832 (laid
414 4763 469 4824 sit,
487 4756 655 4813 curiositatis
672 4751 765 4823 gratia
784 4745 916 4817 tangere?
935 4765 962 4798 n.
979 4753 1020 4793 tt.

327 4854 375 4902 An
397 4849 446 4899 lroc
467 4843 547 4896 rrtodo
575 4855 691 4911 tangens
711 4838 738 4890 iu
748 4833 823 4906 soro
841 4833 920 4887 civili
933 4826 1028 4900 puniri
1041 4825 1148 4896 possit?

364 4951 391 4984 n.
407 4943 447 4983 2².

327 5021 446 5072 Pectrtm
467 5016 494 5068 in
516 5012 608 5084 mugio
627 5007 736 5076 drrpleae.
754 5023 782 5057 rt.
803 5015 846 5055 22.

333 5105 425 5156 Tacite
443 5099 624 5168 paciscantur
640 5112 701 5148 cam
721 5090 851 5153 diabolo,
869 5085 917 5158 qui
934 5082 990 5155 ejus
1008 5077 1147 5152 opesutu·

362 5203 394 5239 ra
406 5185 575 5249 praedicunt.
594 5199 621 5232 rs.
642 5188 684 5229 st.

328 5271 437 5323 Eorum
456 5287 555 5334 poeno.
575 5283 602 5317 n.
624 5275 665 5314 ts.
689 5272 731 5314 tt.

329 5353 416 5422 (laid,
435 5353 461 5404 si
477 5368 544 5404 uera
558 5341 768 5416 praedixerint?
784 5359 812 5394 rs.
833 5349 875 5394 tt.

327 5441 427 5494 Poeno
441 5452 551 5496 cortem,
566 5431 614 5504 qui
627 5445 723 5498 magos
735 5424 889 5482 consulunt.
903 5441 932 5475 rt.
946 5431 987 5475 22.

330 5530 401 5582 Usus
413 5521 541 5592 virgulae
554 5515 730 5572 mercurialis.
747 5532 771 5565 n.
790 5523 832 5563 ti.

335 5609 488 5660 Thesaurus
506 5621 557 5670 per
574 5621 634 5656 earn
653 5595 857 5668 inventasfisco
876 5591 954 5647 cedit.
975 5607 1002 5642 n.
1023 5601 1064 5641 to.

329 5689 459 5745 curiosus
471 5689 543 5742 circo
555 5687 649 5743 literas
663 5679 884 5751 elienossulsurn
898 5672 1049 5733 cornusittit.
1062 5691 1091 5726 n.
1104 5681 1148 5727 st.

1205 3154 1278 3220 Quid
1285 3191 1292 3216 ,
1309 3154 1336 3208 si
1351 3156 1412 3227 quis
1422 3166 1511 3226 putet,
1526 3158 1620 3210 literas
1634 3157 1672 3210 ud
1682 3172 1710 3208 se
1722 3153 1836 3222 scriptos
1855 3153 1929 3207 esse?
1941 3173 1969 3207 rr.
1983 3163 2027 3206 22.

1204 3236 1339 3305 Princeps
1349 3251 1470 3306 tempore
1483 3239 1548 3292 belli
1558 3257 1605 3292 ear
1618 3241 1722 3310 aperire
1735 3249 1830 3305 potest.
1848 3255 1875 3289 n.
1897 3249 1940 3291 tt.

1206 3322 1324 3386 Quando
1341 3323 1493 3390 priuatus?
1510 3341 1537 3374 n.
1559 3331 1605 3374 rt.

1206 3404 1262 3470 Qui
1271 3419 1400 3461 contento
1414 3409 1556 3462 literarum
1569 3425 1627 3460 non
1639 3405 1788 3475 propalat,
1807 3409 1944 3476 utromodo
1961 3423 2027 3476 pes·

1238 3489 1300 3541 eet?
1318 3509 1346 3543 a.
1368 3503 1407 3543 ss.

1205 3571 1349 3625 Vassallas
1373 3574 1468 3628 literas
1493 3573 1601 3627 domiai
1618 3573 1747 3642 operiens
1761 3571 1883 3643 seudum
1901 3575 2026 3628 emittit.

1238 3673 1266 3706 n.
1281 3667 1323 3708 3¹1·

1203 3735 1258 3802 Qui
1272 3737 1367 3789 illicito
1387 3740 1468 3793 mede
1489 3755 1593 3796 creona
1607 3739 1720 3796 ulterius
1739 3741 1867 3806 rescivit,
1883 3742 2023 3811 utromodo

1235 3823 1349 3887 peccet?
1367 3841 1394 3874 n.
1415 3835 1457 3876 ts.

1198 3905 1357 3962 Conclusio.
1377 3927 1405 3962 n.
1426 3920 1468 3963 ss.

1198 4023 1357 4144 postquam
1375 4076 1408 4128 de
1427 4077 1579 4133 curiositate
1602 4078 1671 4132 circs
1696 4073 1768 4132 arias
1785 4079 1945 4148 privatorum
1963 4081 2025 4135 liri·-
2064 4121 2074 4163 ἱ

1198 4168 1238 4211 tos
1258 4160 1383 4212 hactenus
1402 4163 1530 4211 nonnulla
1549 4161 1618 4214 (licta
1632 4172 1692 4213 suut
1704 4199 1711 4225 ,
1724 4165 1775 4228 iarn
1789 4199 1796 4222 ,
1809 4173 1938 4230 quatenns
1950 4167 2023 4228 eins·

1198 4243 1257 4294 dem
1278 4243 1458 4313 intempestiva
1478 4244 1519 4295 acl
1537 4245 1672 4296 adhibitio
1696 4247 1735 4296 rel
1755 4247 1866 4298 omissio
1883 4257 1968 4298 actum
1989 4247 2025 4298 il-

1200 4329 1303 4380 licitum
1324 4329 1381 4380 sive
1399 4329 1547 4392 delictum,
1574 4331 1614 4382 rel
1639 4327 1722 4386 elficit
1749 4331 1789 4382 rel
1807 4331 2026 4397 concomitatur,

1198 4411 1287 4463 brena
1305 4412 1472 4481 suscipienda
1499 4414 1630 4466 tractatio.
1657 4417 1725 4468 Sunt
1752 4426 1838 4466 autem
1864 4414 1962 4468 delicta
1982 4417 2026 4470 rel

1197 4511 1272 4561 sera,
1293 4497 1520 4564 vetustatum
1544 4496 1641 4550 iterum
1656 4499 1791 4550 subdividi
1812 4499 1895 4550 solent
1916 4501 1944 4552 in
1966 4501 2012 4570 pri

1198 4591 1254 4632 rata
1272 4591 1299 4634 et
1318 4582 1433 4651 publica.
1453 4581 1527 4634 later
1545 4584 1647 4654 prirata
1663 4587 1752 4656 primu
1771 4585 1828 4637 loro
1839 4583 1951 4655 partitur
1966 4584 2023 4638 lur-
2061 4619 2075 4661 2

1198 4675 1268 4728 tum,
1288 4665 1376 4735 quod,
1394 4666 1417 4718 si
1439 4685 1452 4716 a
1471 4665 1626 4720 ‹lomestieis
1644 4671 1843 4732 contentatur,
1864 4687 1916 4722 nou
1936 4687 2022 4740 aeque

1198 4751 1267 4818 gravi
1289 4767 1370 4821 poena
1388 4762 1537 4817 otiercetur,
1557 4769 1635 4820 quant
1650 4754 1671 4804 sl
1687 4755 1720 4804 ul>
1730 4765 1870 4814 extraneo,
1882 4751 1917 4804 ob
1929 4753 1948 4803 l.
1959 4769 2023 4820 per·

1196 4831 1373 4899 spiciendum.
1395 4843 1435 4886 tt.
1455 4841 1476 4898 §-
1499 4833 1571 4903 t.ff
1590 4836 1624 4887 de
1639 4835 1743 4901 poenis.
1757 4837 1851 4890 Solent
1868 4835 1938 4888 eirca
1958 4851 2023 4888 eou-

1198 4917 1347 4968 stitutionis
1366 4918 1443 4985 bnjus
1468 4918 1597 4972 rationem
1625 4919 1738 4971 solliciti
1761 4937 1820 4972 esse
1839 4918 1883 4970 dd.
1905 4916 2022 4972 Videtur
2060 4937 2073 4980 a

1197 4999 1270 5051 enirn
1290 4999 1380 5068 primo
1399 5001 1498 5054 iutuitu
1518 5001 1561 5056 lut·
1578 5003 1712 5070 ejusmodi
1732 5005 1893 5056 domesticus
1912 5003 2019 5070 duriori

1198 5081 1364 5135 mulctandus
1383 5085 1527 5154 supplicio,
1548 5097 1618 5151 tum,
1636 5089 1697 5156 quis
1717 5089 1750 5139 ab
1768 5099 1891 5142 extranco
1910 5086 2021 5142 facilius

1198 5167 1307 5220 eradere
1326 5167 1378 5219 sibi
1399 5179 1486 5238 potest
1503 5170 1627 5222 dominns
1645 5181 1672 5224 et
1690 5173 1733 5222 ris
1746 5191 1760 5224 a
1774 5173 1819 5224 teli
1835 5169 1933 5241 absque
1953 5189 2021 5228 rou·

1200 5261 1323 5304 currente
1341 5254 1427 5324 aliqua
1447 5255 1551 5308 domini
1578 5257 1653 5326 culpa
1678 5257 1778 5310 lurtum
1791 5258 1939 5328 perpetrari
1960 5267 2021 5328 pot-

1199 5347 1257 5399 est,
1282 5346 1360 5401 tnm,
1386 5337 1448 5408 quia
1466 5355 1497 5390 co
1517 5339 1664 5406 improbius
1690 5353 1729 5396 est
1753 5341 1812 5408 eius
1832 5342 1948 5407 lactum,
1966 5359 2021 5412 quo

1198 5422 1312 5473 arctiore
1332 5423 1488 5474 necessitate
1508 5423 1584 5474 nobis
1602 5433 1641 5476 est
1660 5425 1822 5487 obstrietus:
1843 5445 1937 5480 serum
1959 5445 2019 5498 per-
2058 5430 2072 5473 ⁴

1199 5503 1366 5574 placet‘lnter
1383 5507 1462 5567 alias,
1479 5525 1546 5576 quae
1565 5507 1622 5560 dari
1642 5511 1729 5563 solent
1748 5511 1826 5577 buius
1845 5512 1913 5579 lepis
1932 5515 2017 5566 ratio·

1199 5603 1261 5651 nes,
1276 5589 1320 5640 illa
1332 5607 1448 5659 quoque,
1460 5607 1529 5660 quae
1546 5603 1578 5643 ex
1598 5594 1762 5648 curiositatis
1776 5595 1936 5664 patrifamil·
1949 5609 2016 5649 cou-

1198 5673 1332 5729 venieutis
1348 5675 1494 5730 omissione
1514 5679 1663 5748 repetitur:
1691 5681 1795 5738 scilicet
1812 5681 1875 5738 boui
1895 5681 2022 5755 patriti·-
