4282 6274
25 487 28 518 l

30 299 65 348 11

167 201 234 253 nos
750 193 800 248 DE
818 187 931 249 8Ε11811
940 181 1144 250 ‘tumente
1676 209 1742 262 1105

146 295 237 352 Mn
248 291 288 349 ,οι
301 311 315 346 .
329 289 469 360 pumma„
481 288 520 346 „t
533 311 548 346 ι
559 291 617 362 jur-2
629 289 743 346 (licendo
755 289 858 352 dietus,
871 305 925 341 uua
1010 286 1159 342 Audiebaot
1171 287 1300 359 pedanei,
1311 293 1372 364 quis
1384 293 1413 349 iu
1425 295 1558 355 subselliis
1569 299 1742 362 inferioribus
1759 317 1787 364 41
1830 314 1861 360 ³²

106 397 164 434 uno
174 380 256 432 441444
276 377 355 430 modo
371 375 507 444 accipitur·
530 377 560 430 lu
577 393 674 445 genere
690 373 798 445 quidem
812 385 839 426 et
849 383 924 426 extre
974 387 988 421 s
1003 373 1480 446 [44411144444414144444444441444444
1494 402 1556 438 vcro
1569 387 1597 440 in
1610 391 1791 448 curulibus.l:

107 461 198 518 emm
213 475 349 514 ramnum
370 473 421 513 sos
433 460 497 511 14444
510 459 691 522 consideratu,
706 457 777 509 nihil
793 455 864 509 uliud
879 456 925 508 de-
976 455 1043 508 Poll.
1055 457 1082 507 1.
1084 453 1149 524 [44.
1162 473 1231 511 rom.
1243 459 1261 510 l.
1279 471 1301 512 4.
1313 479 1336 514 4.
1351 473 1375 516 4.
1388 475 1414 517 44
1425 477 1449 519 t.
1462 468 1493 521 Δ.
1503 468 1571 524 Gell.
1583 471 1601 522 l.
1616 487 1639 526 4.
1653 487 1725 529 noct.
1737 487 1787 532 att.

105 558 289 614 calatunnam
308 559 448 611 perronam
467 541 581 595 mediam
602 540 840 607 1444411414444444,
859 556 925 608 quae
975 551 1049 593 nte.
1059 539 1214 597 Britannia
1228 545 1363 602 iee.dicta
1375 553 1796 632 4444111441444444444χαμ44414-

25 655 26 682 t
106 630 292 699 jurisdictioni
308 638 423 699 praeest,
436 637 460 680 44
475 643 565 680 causas
583 636 767 679 eoutmrersas
785 623 926 677 1444441141-
975 641 1073 676 aaaron
1082 644 1109 677 n.
1120 639 1191 682 ena.
1202 630 1399 701 t.'l‘lteoph.pr.
1410 633 1430 701 1⁹.
1443 637 1468 688 d.
1476 635 1573 692 interd.
1581 641 1670 695 eadem
1685 647 1794 700 ratione,

106 727 202 786 gaurus
215 713 335 779 dirimit,
350 710 502 766 auctoritate
516 711 619 780 publica
631 709 785 764 constitute.
979 707 1099 772 Dusrcu,
1111 709 1144 763 de
1153 711 1236 780 judic.
1247 730 1271 766 4.
1284 716 1317 768 414
1324 715 1386 784 iad·
1398 718 1512 787 datiuj?
1529 734 1586 775 444.
1600 725 1708 779 Donelt.
1719 727 1737 778 l.
1755 741 1795 781 44.

147 798 226 869 Quod
245 798 269 850 'i
288 812 347 848 wo
367 796 502 865 pomoeriu
520 795 638 848 ommi,
656 809 780 846 „omme
797 791 927 863 mpla..
977 805 1001 842 a.
1016 800 1057 844 44.
1070 792 1088 844 1.
1101 792 1126 844 d.
1140 794 1175 847 11.
1189 797 1255 848 11111.
1269 796 1473 869 Tandemjussu
1486 805 1647 860 Diocletiani
1666 814 1792 865 44111441-
1834 813 1864 856 ⁸³

107 899 185 946 m„
202 881 282 934 ¹111„
299 897 327 932 ς,
346 895 388 932 ree
407 879 485 949 paula
504 878 621 932 1441441414.
642 877 742 932 Notum
768 877 868 948 quippe
886 887 928 932 est
980 873 1797 967 4414144141[44144144444411444444444444444,1ρ414]44444441·

107 967 250 1032 4444114444,
264 964 353 1035 quiin
367 963 477 1018 historia
489 961 540 1017 iuri
561 963 665 1018 romani
681 979 733 1016 nou
745 964 824 1032 plene
838 961 929 1032 hospi·
980 967 1079 1012 strutus
1092 963 1213 1027 judicare
1232 966 1296 1032 14441
1317 979 1387 1022 suut.
1407 971 1424 1023 i.
1439 983 1462 1024 t.
1474 991 1499 1027 4.
1516 976 1548 1029 414
1559 977 1660 1045 pedon.
1676 980 1735 1050 p'ud.
1749 983 1798 1038 att

109 1064 168 1115 m.
183 1065 304 1116 mgnum
318 1047 497 1104 din-“enum
509 1048 575 1101 015¹„
588 1046 672 1100 surm
687 1048 754 1102 rme,
772 1046 889 1112 judtem
901 1057 929 1101 es
979 1041 1070 1095 citet.
1083 1046 1183 1101 Mansit
1200 1059 1286 1103 4444444
1300 1069 1390 1107 vocum
1404 1057 1556 1122 44444,44144
1568 1069 1597 1114 ut
1613 1063 1694 1116 441444
1708 1079 1798 1136 postea

109 1131 413 1206 Wemfflquidem
432 1131 630 1203 antiquissimis
650 1130 813 1200 temporibus
826 1140 929 1200 praeto·
982 1139 1057 1182 44444
1068 1131 1192 1184 ordinem
1212 1138 1380 1206 magistratus
1398 1141 1516 1210 judicare
1534 1145 1685 1202 dicerentur
1705 1150 1790 1224 §.sqss

108 1223 151 1274 m
163 1219 314 1276 nabulum
326 1234 432 1272 omnm
444 1217 495 1271 ‚ub
505 1235 534 1271 ω
546 1216 785 1287 ωωρκὴωᾶὼι
795 1217 930 1286 mugtm..
978 1215 1013 1268 de
1025 1215 1122 1270 interd.
1135 1219 1263 1287 Quamvis
1276 1221 1412 1276 interdum
1425 1227 1507 1280 etiam
1520 1229 1602 1298 juder
1611 1243 1639 1286 et
1658 1238 1796 1304 magistra-

109 1314 189 1367 m,
202 1314 231 1356 ur
244 1320 277 1357 ,χ
288 1323 317 1357 η,
332 1312 376 1355 tt.
386 1300 450 1371 ins
461 1319 503 1372 pr.
513 1302 641 1370 elligere
653 1311 702 1355 444.
720 1304 808 1354 Mune.
822 1302 862 1356 ad
872 1310 893 1365 4.
906 1315 929 1356 4.
983 1308 1026 1352 lus
1036 1316 1086 1368 pro
1098 1300 1189 1354 eodem
1202 1308 1430 1363 comsummatus
1445 1318 1465 1375 §.
1476 1313 1524 1367 41.
1532 1314 1564 1369 de
1570 1316 1708 1390 jud-pull.
1719 1319 1796 1374 Coni'.

109 1388 174 1446 fede
184 1389 205 1456 1·
213 1407 242 1440 η,
249 1409 274 1458 3·
288 1399 315 1442 ep
325 1407 350 1442 ο,
367 1389 413 1458 φή
433 1386 494 1440 ideo
513 1387 553 1441 ein
570 1387 728 1440 dicebantur
737 1427 744 1451 ‚
753 1387 824 1456 quod
843 1387 931 1459 preci·
981 1382 1007 1435 d.
1026 1381 1118 1438 Boekt.
1130 1387 1194 1440 diss.
1207 1388 1385 1466 dejurirds'tt.
1399 1404 1425 1446 et
1432 1395 1491 1464 juti.

22 1493 24 1498 ·
112 1487 175 1528 rent
187 1475 227 1526 441
246 1482 399 1543 proeesseut
418 1473 597 1541 populu‚tsrn
611 1469 684 1540 pacis
696 1488 774 1539 quatu
788 1471 851 1522 144111
867 1479 931 1524 tem·
1018 1465 1209 1540 Aliaequidcm
1228 1473 1319 1528 differt
1334 1476 1416 1544 judex
1434 1480 1468 1530 414
1486 1479 1595 1538 arbitro.
1608 1485 1628 1538 l.
1642 1497 1684 1539 44.
1698 1485 1723 1539 d.
1731 1487 1794 1557 jad,
1833 1483 1863 1528 44

110 1574 191 1630 pore:
204 1571 230 1612 et
245 1559 280 1610 ob
298 1557 364 1610 huno
383 1573 486 1612 causam
504 1557 582 1610 etism
601 1556 669 1619 14444,
688 1556 734 1610 ubi
753 1555 932 1622 inedicebaut
981 1551 1070 1622 ipen.
1082 1555 1103 1620 ς
1115 1554 1159 1608 sin
1172 1567 1272 1612 autem.
1287 1559 1355 1631 ²¹ffi
1367 1562 1683 1635 1444444.4444.114144
1703 1585 1726 1621 4.
1732 1569 1755 1638 1‘.
1770 1589 1797 1622 a.

110 1644 153 1698 rel
165 1641 332 1707 habitabant,
348 1641 478 1712 praetoris
491 1641 700 1712 appellulssntur.
712 1657 778 1694 nou.
795 1650 838 1692 44.
850 1645 929 1696 Wes.
981 1645 1000 1688 t.
1012 1637 1044 1690 ds
1061 1648 1157 1707 recept.
1169 1641 1207 1692 41.
1231 1652 1252 1694 t.
1264 1641 1361 1698 Eccolt.
1372 1644 1452 1714 adffi
1469 1646 1495 1699 d.
1507 1659 1525 1700 4.
1541 1655 1562 1712 4.
1578 1661 1603 1702 4.
1617 1651 1742 1722 qnoniam
1763 1663 1799 1706 ι..

110 1726 153 1780 esd
157 1727 180 1796 1⁶.
192 1727 219 1778 41.
234 1731 256 1786 4.
269 1743 298 1776 n·
311 1736 335 1777 4.
351 1728 448 1780 Verum
465 1736 552 1779 tracta
564 1724 692 1795 temporis
705 1724 831 1796 peculiari
847 1725 931 1794 magi·
983 1739 1044 1776 meu
1061 1724 1223 1796 arbitriusd
1243 1726 1329 1782 144444
1342 1730 1503 1798 judiciorum
1517 1736 1624 1791 redacta
1639 1738 1657 1788 1.
1677 1748 1698 1790 t.
1708 1737 1752 1808 ff.
1764 1742 1797 1794 de

110 1811 210 1865 44444441
224 1809 270 1863 hic
282 1811 374 1864 titulus
387 1811 479 1875 dutue,
492 1813 533 1864 1111
548 1827 584 1864 44.
603 1812 649 1881 qui
669 1810 823 1864 absentibus
836 1823 932 1864 consu·
981 1818 1079 1875 recept.
1092 1807 1129 1861 11.
1147 1807 1173 1862 b.
1191 1809 1218 1862 d.
1238 1811 1340 1866 Pruna.
1360 1833 1412 1868 nou
1433 1817 1605 1873 incommode
1622 1821 1704 1875 etium
1718 1823 1799 1892 judex

110 1896 184 1948 libus
198 1895 236 1946 rel
251 1895 392 1965 impeditis
411 1895 591 1961 jurisdictioni
612 1905 742 1964 praeesset
755 1895 773 1947 1.
788 1905 811 1948 4.
823 1895 847 1961 1.
859 1913 933 1950 rum·
984 1901 1072 1963 potest
1085 1891 1156 1957 dici,
1169 1893 1215 1963 qui
1229 1893 1329 1950 arbiter
1342 1910 1389 1953 est.
1404 1898 1481 1954 Conl.
1494 1904 1590 1971 toejer.
1602 1903 1628 1956 d.
1643 1905 1661 1956 1.
1673 1927 1701 1959 4.
1716 1917 1739 1958 4.
1743 1905 1798 1976 sa·

111 1997 166 2046 eus
180 1973 265 2044 suff.
275 1981 303 2032 41.
318 1977 375 2046 (4.1.
395 1980 557 2034 Weseuhec.
572 1978 654 2047 adff.
672 1980 705 2034 de
723 1977 799 2050 offic
810 1990 930 2050 praetor.
982 1975 1026 2030 cit.
1038 1986 1129 2032 tentas
1140 1977 1168 2032 in
1183 1980 1202 2032 l.
1216 1991 1258 2032 44.
1271 1979 1365 2035 ihren
1376 1986 1571 2054 compromisso
1582 1987 1754 2059 sumptus.ffi
1766 1991 1799 2045 de

113 2061 229 2131 Fuitque
243 2065 330 2133 primo
343 2080 420 2125 unus.
435 2079 497 2116 mox
510 2066 646 2136 pluerud.
659 2067 677 2118 1.
690 2063 715 2136 5
730 2077 771 2119 44.
786 2065 931 2130 refrena.
977 2064 1036 2131 jud
1052 2065 1193 2118 Caetcrum
1206 2066 1255 2118 sub
1268 2067 1485 2134 aominejudicis
1496 2088 1599 2142 quoque
1610 2071 1742 2126 interdum
1756 2093 1798 2130 re·
1836 2089 1867 2132 44

113 2147 213 2200 Pollet.
228 2145 392 2217 tristansori
400 2163 509 2200 roman.
523 2149 541 2200 l.
562 2162 585 2202 4.
599 2167 621 2203 4.
642 2158 666 2202 4.
687 2147 860 2203 Potissimum
875 2151 931 2203 illo·
983 2147 1021 2201 nit
1035 2149 1092 2218 ipse
1106 2149 1239 2222 princeps.
1252 2149 1270 2203 l.
1285 2163 1307 2203 4.
1310 2148 1353 2220 ff
1365 2151 1397 2204 de
1410 2151 1453 2206 his
1466 2173 1537 2223 puae
1546 2157 1574 2208 in
1588 2165 1694 2210 testam.
1706 2158 1797 2212 delen-

112 2251 172 2287 runt
184 2231 305 2288 officium
318 2233 383 2294 luit,
397 2245 424 2288 ut
437 2233 619 2302 jurisdictioni
639 2247 808 2306 praeessent,
820 2237 931 2306 litesque
983 2242 1036 2287 tur.
1048 2231 1134 2286 Natta.
1146 2253 1168 2287 4.
1183 2247 1207 2286 4.
1220 2252 1243 2288 4.
1263 2247 1323 2288 444.
1336 2255 1365 2289 n.
1379 2250 1403 2290 4.
1424 2237 1476 2293 Sed
1488 2239 1551 2295 haec
1562 2241 1680 2313 acceptio
1695 2259 1746 2296 uou
1759 2252 1801 2297 est

114 2319 188 2372 iuter
204 2322 275 2374 eires
291 2319 460 2374 dirimerent.
481 2324 516 2374 At
533 2335 594 2374 sero
611 2331 686 2373 suctu
704 2320 828 2384 41414444,
842 2321 880 2374 441
894 2320 929 2374 nb
980 2317 1058 2384 buliu
1071 2316 1130 2369 loni.
1145 2319 1198 2371 sid.
1211 2336 1235 2372 4.
1251 2329 1274 2372 t.
1288 2337 1315 2371 n.
1331 2327 1354 2370 4.
1371 2335 1396 2374 4.

110 2405 280 2470 negotiorum
300 2405 513 2471 multitudinem,
529 2408 571 2459 rei
597 2404 666 2477 quod
686 2402 808 2458 dedecori
829 2403 881 2456 sibi
901 2403 929 2456 id
1017 2401 1126 2470 Species
1138 2399 1255 2466 judicum
1270 2403 1514 2459 4444444444444144
1531 2403 1634 2474 ’4141441-
1648 2407 1666 2458 1.
1684 2421 1741 2462 t.c.
1758 2421 1796 2464 44.
1835 2433 1867 2477 η

111 2499 256 2560 putarent,
270 2509 300 2543 eo
319 2491 478 2555 desectum,
493 2500 588 2543 utnon
602 2489 718 2559 amplius
736 2506 827 2542 4444444
845 2489 931 2559 prirn-
980 2483 1081 2555 uliique
1092 2485 1136 2535 dd.
1150 2487 1337 2557 passim.quus
1352 2487 1395 2542 hic
1409 2487 1509 2544 reicere
1520 2507 1574 2544 nott
1588 2502 1668 2548 44444.
1681 2495 1799 2550 Tantum

110 2583 198 2629 turum
213 2586 399 2643 cognoscerent
416 2573 484 2644 ipsi,
498 2576 545 2626 4441
563 2573 667 2642 judices
684 2574 780 2628 durent
799 2572 930 2643 pedaneos
981 2569 1030 2623 lruc
1043 2580 1122 2632 noto.
1133 2569 1166 2623 414
1181 2572 1256 2623 omni
1276 2571 1365 2638 ludier
1385 2590 1427 2625 me
1445 2574 1609 2642 locuturum,
1623 2577 1668 2648 qui
1681 2579 1798 2649 aliquam

109 2671 173 2710 eum
184 2655 319 2720 lormullsr
334 2669 464 2711 emersura
476 2669 563 2712 444444
582 2659 636 2711 41141
651 2665 782 2728 potestate
800 2657 828 2709 ln
842 2657 930 2710 causis
980 2653 1192 2722 jurisdictionem
1204 2655 1243 2708 441
1255 2665 1411 2725 potestatem
1424 2657 1560 2724 judicandi
1574 2659 1667 2725 haben
1681 2675 1795 2732 excepto

111 2743 225 2810 4444144414
235 2743 363 2796 momenti
375 2753 451 2796 extra
462 2743 589 2795 ordinem
603 2744 646 2808 1444
657 2739 777 2794 dicendi.
792 2741 858 2794 Poll.
873 2740 899 2793 d.
911 2742 930 2793 1.
980 2738 1050 2802 solo,
1062 2737 1109 2808 qui
1123 2738 1150 2790 ia
1164 2737 1206 2792 his
1221 2742 1300 2793 terris
1312 2759 1363 2794 non
1378 2741 1454 2796 habet
1467 2745 1640 2814 superiorem.
1654 2746 1728 2817 Quid
1739 2765 1798 2802 uero

112 2824 134 2876 1.
147 2836 171 2875 4.
181 2839 204 2875 4.
219 2837 243 2876 4.
253 2842 279 2893 p.
294 2842 330 2876 m.
344 2833 404 2878 444.
419 2825 503 2895 litque
518 2825 613 2878 hidati
628 2825 656 2878 in
670 2825 758 2895 specle
771 2824 929 2878 rumbnntnr
979 2821 1077 2875 suctum
1095 2821 1193 2890 judicis
1206 2824 1239 2876 de
1252 2821 1376 2888 inclusit,
1388 2823 1510 2898 pluribus
1523 2827 1625 2900 patebit
1638 2845 1673 2882 ex
1686 2846 1797 2903 sequeu-

111 2907 228 2976 jndiees.
241 2927 254 2959 a
266 2909 408 2975 iudicando
420 2909 457 2963 ita
469 2908 553 2971 dicti,
565 2925 617 2962 non
628 2925 689 2962 sero
702 2929 716 2961 u
732 2911 789 2976 jure
802 2906 930 2973 dicendo,
981 2905 1000 2962 ti
1010 2924 1072 2979 cap.
1084 2924 1112 2960 44.
1124 2917 1166 2962 44.
1175 2922 1231 2974 seq.
1245 2907 1289 2963 Sit
1307 2907 1404 2982 itaque.

16 3047 17 3066 ἶ
113 2995 186 3064 quod
202 2995 441 3064 soliacompetelsnt
459 2993 668 3062 mugistratibns.
688 2994 793 3048 Douell.
811 2995 828 3047 1.
854 3003 891 3048 44.
904 3009 929 3046 4.

117 3078 190 3130 44.1.
204 3075 230 3130 41.
239 3077 330 3148 ibique
342 3079 409 3132 11441.
421 3078 516 3132 lirano.
532 3079 612 3131 Duar.
626 3077 692 3148 disp·
709 3088 731 3131 4.
746 3095 771 3130 4.
787 3088 830 3131 44.

785 3237 1035 3310 CAPUT
1080 3238 1125 3307 11.

218 3411 377 3497 Defacto
394 3413 531 3504 judicis
554 3413 598 3484 de
607 3413 716 3508 flictu
740 3415 777 3481 in
799 3435 936 3504 genere,
958 3424 992 3478 44
1015 3434 1064 3476 an
1086 3411 1120 3476 ei
1142 3431 1290 3499 unquam
1312 3417 1547 3482 contraveniri
1563 3415 1698 3509 possit?

357 3588 380 3638 S
400 3589 429 3640 tt
442 3587 478 3638 d!
492 3586 530 3639 d!
542 3588 572 3638 A
591 3589 618 3642 11
637 3590 656 3640 1
670 3586 701 3639 A
985 3581 1085 3635 Poena
1093 3579 1311 3649 iurisdictionem
1323 3582 1502 3638 turbantium.
1514 3603 1542 3638 n.
1557 3595 1598 3638 44.

987 3665 1050 3718 Nun
1064 3664 1141 3716 dedet
1150 3661 1284 3736 officialis
1295 3665 1375 3719 laedi.
1389 3685 1416 3720 rs.
1432 3677 1475 3720 44.

114 3749 212 3802 suarm
222 3749 363 3806 1444414444
374 3759 435 3818 port
448 3751 565 3819 lapsum.
578 3769 606 3804 n.
623 3760 644 3802 t.
989 3749 1162 3817 Odjeationes
1171 3751 1251 3801 recol.
1265 3750 1383 3804 remiss?
1395 3771 1423 3805 a.
1439 3764 1480 3805 44.

118 3831 205 3900 Orien
216 3833 364 3888 ciuitatum.
378 3851 404 3888 n.
424 3845 447 3888 t.
460 3835 557 3906 legum.
569 3851 597 3888 n.
612 3847 636 3888 4.
989 3832 1101 3885 ludices
1113 3834 1264 3888 abutuntur
1273 3853 1323 3889 suu
1334 3846 1477 3904 potestate.
1489 3854 1515 3889 n.
1530 3849 1573 3892 tt·
1586 3848 1628 3891 44.
1644 3848 1686 3892 44.

114 3915 302 3970 Judiciorum.
318 3933 346 3968 n.
361 3926 387 3968 4.
771 3925 782 3944 ·
991 3915 1125 3968 Graviter
1134 3917 1173 3970 sic
1180 3928 1300 3983 peccant.
1315 3935 1341 3972 n.
1357 3931 1399 3972 ss.

118 3999 286 4056 durisdictio
299 4019 413 4054 annexa
425 4014 548 4054 summae
558 4001 696 4072 potestati.
712 4017 736 4052 rs.
752 4013 777 4053 4.
989 3995 1117 4068 Officium
1125 3999 1226 4068 iudicis
1238 4001 1349 4069 duplex.
1363 4022 1392 4056 n.
1405 4012 1448 4056 44.

114 4078 218 4135 littam
227 4080 330 4152 infore
345 4101 469 4137 romano.
484 4102 509 4136 rt.
526 4097 551 4138 4.
986 4083 1085 4136 Nolite
1098 4082 1186 4150 quid?
1197 4104 1227 4137 rs.
1241 4097 1284 4138 44.

117 4167 169 4218 An
182 4164 349 4234 opursuerit
359 4167 514 4234 iudicibus?
530 4187 556 4222 n·
571 4180 594 4222 4.
990 4168 1106 4236 Quando
1120 4172 1306 4225 exerceatur?
1317 4189 1345 4225 rs·
1359 4184 1402 4226 44.

124 4251 241 4306 Videtur
252 4257 414 4324 negandum.
428 4273 457 4310 n.
470 4265 494 4308 4.
985 4249 1119 4306 Clausala
1132 4251 1271 4308 salutaris.
1284 4273 1313 4308 n.
1328 4267 1370 4308 st.
1387 4267 1428 4311 ts.

115 4332 303 4405 Ajj'irmatur.
316 4353 345 4389 n.
359 4349 383 4390 4.
989 4337 1197 4391 Mercenarium.
1208 4358 1236 4392 n.
1251 4350 1294 4392 44.
1310 4351 1350 4396 44.

117 4417 262 4487 Baempla
276 4419 457 4475 adducuntur·
471 4440 499 4474 n.
519 4431 560 4475 tu.
577 4435 618 4477 tt.
986 4425 1019 4475 In
1032 4431 1311 4492 utrumquepeccent,
1325 4434 1351 4479 et
1363 4425 1522 4495 quomodo?
1533 4435 1561 4482 et
1570 4421 1753 4498 quidsurtum
1765 4427 1798 4482 ds

118 4503 236 4556 Judiees
246 4520 303 4557 non
316 4514 381 4558 sunt
392 4505 529 4570 laedendi,
543 4517 568 4558 et
581 4509 690 4563 curin.
708 4517 747 4561 44.
765 4519 806 4562 44.
1012 4503 1159 4574 ι14444144.
1174 4518 1213 4559 44.
1230 4517 1273 4559 ts.

115 4589 191 4640 sans
203 4607 220 4640 a
235 4587 295 4640 Deo
307 4588 431 4643 instituti.
446 4607 475 4642 n.
493 4600 533 4642 tt.
987 4593 1034 4642 An
1042 4591 1130 4659 judea
1148 4588 1265 4659 deficta
1275 4591 1425 4662 precedens
1442 4590 1561 4659 desueto
1580 4592 1725 4648 contemni
1734 4608 1799 4663 pos·

95 4745 98 4752 .
125 4673 610 4742 1444444441,44444441444114441.
625 4693 652 4729 n.
668 4687 709 4729 44.
1020 4674 1177 4729 41414444.

126 4755 269 4808 Vocantur
281 4756 337 4809 Dei
346 4757 482 4822 ministri,
495 4757 552 4810 imo
566 4757 664 4812 111144.
680 4771 721 4812 44.
738 4768 777 4811 44.
988 4758 1061 4823 Quot
1072 4757 1160 4810 modis
1172 4767 1366 4814 contemnatur
1372 4757 1479 4829 iudex?
1491 4777 1520 4813 n.
1533 4771 1574 4814 44.
1589 4771 1631 4814 44.

127 4837 257 4892 Gaudent
268 4843 403 4894 tutamine
417 4841 480 4894 Dei.
495 4860 523 4895 a.
539 4850 581 4892 44.
629 4905 631 4910 ι
986 4849 1049 4892 don
1064 4839 1107 4894 lsic
1118 4850 1158 4894 est
1170 4841 1290 4909 quaestio
1303 4844 1338 4896 ds
1347 4858 1473 4911 supremo
1482 4844 1613 4915 principe.
1624 4865 1652 4900 4.
1666 4857 1707 4903 44.

121 4925 155 4976 In
163 4921 227 4990 p'ure
239 4935 436 4988 comparantur
445 4925 624 4992 principibus.
641 4941 668 4976 44.
685 4932 726 4975 44.
989 4923 1044 4990 Qui
1056 4941 1196 4994 nunquam
1209 4927 1349 4980 contemni
1359 4928 1444 4982 dedet.
1458 4949 1485 4983 n.
1499 4941 1541 4983 er.
1557 4940 1599 4984 44.

122 5008 279 5080 d'uarilegur
295 5021 350 5075 est,
367 5011 415 5079 pui
429 5010 463 5064 ds
480 5007 630 5064 idoneitate
648 5007 758 5062 illorum
775 5003 891 5061 dubitat.
905 5019 933 5054 n.
985 5005 1127 5074 Iniustitiae
1140 5007 1214 5060 illias
1223 5027 1275 5078 pro
1287 5009 1478 5080 aarujirtaito
1489 5011 1624 5068 indenda.
1636 5033 1665 5068 n.
1680 5027 1721 5070 44.

162 5103 205 5146 44.
985 5089 1019 5143 d'i
1029 5099 1120 5160 aperte
1132 5089 1236 5161 injusta
1242 5092 1355 5162 jubent,
1366 5103 1428 5149 actu
1440 5095 1539 5150 saltem
1552 5097 1686 5152 omission
1696 5118 1801 5172 poren-

122 5179 194 5230 414444
202 5177 294 5231 sanni
303 5189 330 5232 et
340 5177 526 5234 inviolabiter.
541 5197 569 5232 n.
585 5183 628 5230 44.
1023 5177 1098 5229 dam.
1111 5195 1140 5230 n.
1154 5189 1196 5231 44.

120 5261 252 5314 Remedia
262 5275 358 5318 contra
370 5263 574 5331 immorigeros,
589 5259 694 5314 remiss.
708 5279 737 5314 n.
754 5268 798 5311 44.
989 5257 1225 5328 Quidsaeiendum
1234 5260 1335 5330 1441141,
1350 5263 1396 5317 441
1412 5247 1516 5334 injussa
1525 5267 1651 5322 executio
1663 5285 1723 5322 cam
1731 5267 1797 5324 ntis-

122 5343 252 5400 Bdictum
264 5347 297 5402 de
309 5349 373 5400 atta
385 5359 521 5416 corrupto.
535 5365 561 5400 n.
576 5358 618 5400 44.
1022 5359 1056 5396 sa
1064 5345 1080 5398 i
1089 5345 1234 5401 remissive.
1248 5367 1276 5400 n.
1291 5361 1333 5402 44.

123 5432 249 5483 Pereunt
259 5430 292 5482 de
303 5429 405 5500 injuria
417 5431 472 5484 4111
481 5433 562 5487 illota
575 5429 627 5500 ipsi
637 5445 807 5499 cognoscere.
820 5445 849 5482 n·
868 5434 910 5479 44.
986 5429 1126 5495 dpeeiales
1142 5431 1312 5500 quaestiones
1335 5434 1370 5488 de
1386 5433 1552 5504 imperatore
1573 5450 1645 5489 rum.
1664 5451 1721 5488 non
1741 5433 1801 5490 sins

125 5514 240 5568 Cautela
255 5514 305 5568 144
314 5532 381 5571 casn
393 5532 494 5571 necess.
506 5535 534 5570 n.
549 5525 590 5568 44.
1022 5525 1108 5565 causa
1119 5513 1289 5567 amittuntur.
1304 5532 1331 5567 n.
1345 5527 1389 5569 44.
1404 5530 1444 5571 44.

130 5597 239 5668 Iniuria
247 5599 335 5670 judici
344 5601 425 5656 illata
438 5611 522 5654 atron
535 5611 582 5654 ess.
595 5615 623 5653 n.
641 5609 682 5652 44.
989 5595 1037 5647 Aa
1052 5597 1153 5666 Pupas
1167 5597 1256 5652 resisti
1265 5596 1373 5675 parsit-i
1382 5617 1410 5654 n.
1425 5610 1466 5654 44.
1480 5613 1521 5656 44.
