4404 6242
185 289 188 298 Ι
230 215 285 272 ιιι
792 207 951 268 naman
968 209 1251 273 ιιιιιιιιιοιιιι.γ
1753 217 1807 286 ιι

180 321 279 378 turae
303 300 468 372 felicitatis
490 301 724 394 promissione,
748 323 816 370 nou
844 307 1037 393 attendens,
1060 331 1224 402 quantum
1248 307 1390 401 periculi
1414 305 1537 394 subsit,
1559 306 1687 380 divinis
1710 314 1859 406 jussibus

92 413 97 424 '
177 421 222 468 ex
246 397 325 464 salsa
349 397 562 486 persuasione
584 391 761 484 repudium
786 399 931 463 mittere.
956 399 1015 464 Uti
1039 423 1118 467 vero
1142 401 1221 469 vitia
1253 399 1313 467 reli
1342 423 1381 468 ua
1406 401 1441 465 in
1476 411 1620 504 posteros
1644 424 1718 469 suos
1741 427 1863 495 propa·

170 502 305 582 garant
328 484 539 574 protoplasti,
564 485 607 548 ita
632 501 665 550 et
710 486 909 553 ersuadeudi
933 501 1037 570 artes,
1060 501 1093 554 et
1118 423 1385 578 persuasionibus
1409 491 1550 555 nimium
1573 489 1729 558 credendi
1754 493 1861 561 facili·

174 589 245 658 tas‚
271 575 418 664 indeque
442 573 658 641 iraudumac
681 508 915 663 deceptionum
940 575 1021 638 laets
1047 578 1242 666 seges,pari
1268 578 1366 641 modo
1389 589 1579 669 propagata.
1596 578 1860 674 necquicquam

177 668 248 736 sere
273 675 445 750 exceptum
469 661 611 744 dixeris,
636 661 696 728 ubi
720 663 930 766 praecipuam
956 663 1112 752 paginam
1137 683 1203 726 nou
1227 663 1372 727 absolvat
1396 667 1578 750 persuasio.
1602 667 1666 727 vet
1690 671 1759 730 solo
1780 693 1861 734 con-

178 757 285 822 nubia
310 753 345 819 id
369 751 503 817 abundo
526 750 755 833 testabuntur,
778 753 839 816 uba
865 751 965 840 primi
990 771 1115 816 amores
1138 751 1406 841 persuasionibus
1428 751 1658 836 inducuntur,
1682 753 1859 842 serentur,

177 848 332 924 aluntur,
356 840 459 907 dotaec
482 841 614 907 tandem
639 843 833 931 perveniant
855 841 897 906 ad
921 841 1156 906 maturitatem.
1180 839 1221 905 ln
1252 839 1474 906 contractibus
1505 837 1616 907 laudat
1642 843 1771 910 uenales
1794 849 1858 936 qui

177 937 251 1003 vult
274 930 453 998 extrudere
478 955 616 1016 merces3
639 929 681 996 ad
704 931 890 998 societatem
916 929 1020 996 futuri
1046 929 1129 996 lucri
1154 931 1362 1019 persuasione
1386 929 1598 1018 inducimur3
1621 931 1689 999 imo
1712 949 1750 1002 ut
1773 939 1859 1010 deli·

169 1025 226 1092 'cta
253 1024 320 1112 ipsa
345 1033 527 1110 patremus,
552 1021 605 1088 rel
630 1021 664 1084 in
689 1020 815 1086 foedam
839 1019 999 1088 scelerum
1022 1020 1291 1086 communionem
1316 1033 1534 1102 transeamus,
1557 1021 1623 1088 sola
1647 1030 1858 1112 persuasione

176 1115 374 1182 invitamur.
400 1109 524 1176 Verum
548 1133 622 1175 cum
647 1133 685 1176 ex
710 1110 777 1176 fine
800 1111 922 1202 negotii
939 1109 1137 1176 aestimanda
1155 1109 1319 1198 qualitas,
1336 1133 1401 1176 uon
1426 1126 1681 1200 semperuolam
1709 1132 1857 1190 merctur

175 1202 362 1294 persuasio,
385 1199 443 1264 sed
467 1197 634 1266 interdum
659 1223 794 1290 quoque
824 1200 957 1270 laudem
979 1221 1016 1268 aa
1045 1201 1250 1266 encomium.
1274 1197 1511 1268 Persuadeudo
1541 1203 1632 1268 enim
1661 1208 1789 1295 saepius
1811 1209 1855 1278 ad

164 1317 292 1366 ,sanam
315 1312 507 1358 revocamur
530 1305 694 1382 mentem,
716 1302 750 1356 ct
773 1300 813 1356 ut
834 1314 851 1354 a
870 1291 999 1356 delictis
1022 1310 1081 1356 nos
1104 1288 1348 1374 abstineamus,
1371 1288 1463 1356 haud
1498 1313 1572 1358 raro
1594 1306 1684 1384 grata
1710 1299 1744 1361 ri
1765 1321 1856 1366 com·

174 1384 349 1474 pellimur.
374 1376 461 1446 Cum
486 1379 601 1468 itaque
624 1393 657 1443 et
679 1379 798 1446 vitium
822 1380 866 1445 sit
887 1380 923 1446 iu
949 1377 1159 1468 persuasione
1182 1397 1215 1452 et
1239 1378 1362 1462 virtus,
1379 1400 1447 1446 nou
1469 1400 1602 1470 operam
1626 1408 1680 1452 mo
1701 1384 1857 1459 lusui-um

117 1524 122 1534 .
171 1471 321 1550 credidi,
344 1469 370 1534 si
396 1467 543 1536 exercitii
568 1466 744 1534 academici
765 1469 888 1558 gratia,
911 1480 1095 1560 autequam
1119 1468 1223 1535 musis
1247 1467 1463 1536 valedicerem
1488 1468 1670 1556 riadriuis,
1686 1499 1799 1560 casus,
1817 1481 1856 1547 in

174 1563 302 1654 quibus
324 1555 412 1623 licita
437 1558 490 1624 rel
515 1556 630 1622 illicita
653 1557 688 1620 in
712 1555 784 1623 soro
807 1575 981 1648 reputatur
1003 1559 1187 1648 persuasio,
1209 1556 1360 1625 collectos
1391 1559 1601 1642 exhiberem,
1624 1563 1664 1630 ad
1689 1569 1776 1656 quod
1802 1593 1855 1636 me

174 1673 244 1719 non
268 1665 397 1717 tantum
421 1647 578 1714 materiae
601 1645 730 1711 utilitas
751 1669 788 1714 ac
810 1649 1000 1727 necessitas,
1016 1647 1072 1714 sed
1096 1660 1130 1714 et
1152 1647 1244 1739 quod
1268 1671 1338 1714 uno
1361 1647 1396 1713 in
1421 1647 1490 1714 loco
1513 1648 1591 1716 haec
1614 1654 1743 1721 collecta
1768 1679 1856 1723 nou-

174 1741 256 1807 dum
281 1737 440 1818 riderim,
463 1736 661 1824 adegerunt.
687 1733 753 1802 Sed
775 1759 851 1802 cum
874 1738 912 1802 in
935 1760 986 1804 am
1014 1736 1136 1803 lissima
1171 1738 1231 1804 hac
1261 1737 1397 1804 materia
1428 1736 1522 1804 facile
1554 1739 1637 1807 mihi
1669 1749 1787 1836 juveni
1811 1750 1855 1817 sit

174 1851 364 1909 errasse,=s
390 1838 423 1892 te
446 1825 605 1891 benevole
629 1824 747 1912 lector,
771 1827 924 1913 reniam,
948 1849 967 1893 a
990 1760 1064 1893 beo
1088 1849 1167 1914 vesp
1189 1849 1222 1894 o.
1247 1851 1293 1896 m.
1317 1827 1545 1898 felicissimum
1569 1836 1709 1928 suscepti
1732 1835 1854 1908 laboris

163 1941 356 1989 ¹successum
380 1915 541 1983 submisse
565 1935 689 2005 precor.

853 2083 1101 2157 CAPUT
1145 2089 1174 2157 I.

629 2255 687 2324 De
708 2253 907 2348 definitione
927 2271 961 2326 et
978 2257 1123 2350 justitia
1141 2263 1390 2351 persuasionis.

415 2429 436 2482 ai
457 2429 485 2483 li
499 2427 536 2482 d!
549 2426 587 2479 d!
598 2427 672 2483 An
689 2429 710 2481 1
723 2428 754 2482 A
1033 2427 1089 2484 seat
1101 2429 1235 2486 mandata
1247 2449 1387 2502 nunquam
1400 2432 1557 2488 continetur
1565 2437 1718 2507 persuasio.
1730 2458 1758 2495 n.
1774 2451 1817 2497 ιι.

1037 2513 1092 2580 Qui
1100 2515 1261 2583 persuadet,
1274 2533 1331 2569 non
1345 2516 1468 2570 mandat.
1481 2537 1509 2571 n.
1523 2529 1567 2572 ιι.

162 2594 298 2666 Definitio
313 2595 468 2650 necessario
481 2611 539 2647 non
553 2603 594 2646 est
602 2591 810 2665 praeponenda.
822 2613 850 2648 ιι.
865 2605 889 2648 ι.
1034 2597 1082 2646 An
1092 2597 1286 2664 persuasiones
1296 2596 1351 2649 sint
1362 2597 1474 2653 licitae?
1486 2619 1514 2653 n.
1529 2611 1570 2654 ιι.

166 2679 310 2750 Quomodo
323 2681 415 2734 vocale
426 2680 491 2733 «lum
500 2677 575 2748 juris
585 2679 631 2733 llio
644 2679 819 2750 accipiatur?
830 2697 857 2732 ιι.
871 2690 895 2732 ι.
1034 2678 1191 2732 Prudentes
1203 2679 1256 2732 riri
1264 2680 1427 2754 quandoque
1439 2683 1520 2735 etiam
1534 2685 1672 2740 labuntur.
1685 2704 1711 2742 ιι.
1725 2697 1765 2743 ιι.

163 2765 316 2820 Persuasio
329 2765 401 2818 unde
412 2759 563 2818 clericatur?
575 2781 604 2817 n.
619 2775 643 2816 ι.
1039 2763 1193 2816 Versantur
1205 2763 1396 2830 persuasiones
1412 2767 1454 2820 rel
1469 2767 1541 2822 circa
1566 2769 1684 2837 bonum,
1709 2773 1753 2826 rel
1775 2771 1852 2828 circa

166 2849 310 2918 Quomodo
325 2847 437 2919 differat
451 2849 567 2902 suadere
578 2856 603 2898 et
612 2843 801 2916 persuadere?
812 2863 840 2900 n.
854 2853 879 2897 ι.
1072 2845 1176 2898 malum
1184 2865 1195 2909 ,·
1207 2847 1250 2898 rel
1258 2845 1332 2900 circa
1347 2848 1472 2902 mistum.
1487 2868 1513 2901 ιι.
1529 2861 1570 2901 ιι.

66 2969 72 2978 -
162 2934 241 2988 Idem
256 2951 313 2987 non
328 2945 368 2987 est
380 2949 414 2985 ac
427 2951 485 2986 nan
496 2930 646 3000 probibere.
659 2949 686 2984 n·
702 2943 725 2983 ι.
1036 2929 1204 2984 Intemenire
1216 2947 1272 2984 non
1283 2929 1449 3000 debetfraus
1458 2942 1486 2987 ιι
1497 2931 1585 2988 dolus.
1599 2952 1626 2986 n.
1642 2945 1684 2989 ιι.

164 3015 237 3084 liius
251 3013 431 3085 homonymia
444 3033 461 3068 a
475 3031 503 3068 ιι.
518 3025 542 3068 ι.
555 3029 637 3083 usque
650 3011 689 3067 ad
699 3031 726 3066 ιι.
742 3022 782 3067 ιι.
1042 3014 1110 3080 Quis
1123 3015 1187 3069 dolo
1199 3015 1361 3084 persuadere
1373 3015 1503 3070 dicatur?
1513 3033 1542 3069 ιι.
1556 3027 1599 3068 ιι.

165 3099 238 3168 Ejus
250 3100 387 3154 vocabula
400 3115 565 3169 synonyma.
576 3115 604 3150 n·
620 3107 661 3150 ιι.
1026 3095 1126 3151 Dolus
1135 3098 1276 3169 prodatur
1293 3117 1332 3154 ιιι
1347 3100 1570 3172 praecedentibus
1584 3101 1816 3173 persuasionibus.
1829 3129 1856 3166 ιι.
1928 3089 1929 3094 ¹

166 3178 303 3250 Definitio
315 3199 362 3235 seu
375 3181 529 3251 descriptio.
542 3200 572 3235 ιι.
588 3193 628 3234 ιι.
1073 3190 1117 3232 ιι.

164 3265 346 3336 Definirianie
357 3267 509 3337 explicatio
522 3283 550 3318 ιι.
566 3276 609 3318 ιι.
624 3274 665 3319 ιι.
681 3271 722 3319 ιι.
737 3273 777 3318 ιι.
789 3273 817 3318 ιι
827 3275 869 3319 ιι.
1033 3264 1118 3318 Anne
1128 3273 1343 3331 praesumantur
1349 3265 1562 3334 persuasiones?
1574 3287 1601 3322 ιι.
1617 3281 1659 3324 ιι.

163 3349 231 3404 Dua
245 3349 452 3417 persuasionum
463 3364 572 3420 genera.
585 3365 614 3402 ιι.
629 3357 672 3401 ιι.
1033 3348 1066 3399 In
1077 3345 1159 3400 dubio
1172 3360 1388 3417 praesumuntur
1399 3349 1428 3403 in
1443 3349 1543 3404 donam
1555 3362 1671 3423 partem.
1685 3373 1714 3409 rt.
1728 3367 1771 3412 ιι.

161 3435 293 3488 Maxima
306 3435 352 3488 ais
365 3431 486 3487 comissis
498 3433 526 3486 in
538 3449 660 3502 persona
672 3433 903 3503 persuadentes.
916 3441 958 3487 ιι.
1034 3430 1162 3485 Dolosce
1170 3433 1365 3500 persuasiones
1377 3445 1468 3488 actum
1481 3433 1597 3488 reddunt
1609 3435 1728 3492 irritum.
1740 3457 1767 3491 ιι.
1783 3451 1825 3495 ιι.

161 3521 202 3574 Bt
211 3529 252 3573 est
263 3517 428 3573 vocaturum
453 3517 547 3590 pisas.
566 3535 593 3569 ιι.
607 3527 649 3570 ιι.
1034 3513 1099 3566 Nisi
1109 3513 1181 3566 alter
1192 3515 1309 3568 sciverit.
1324 3531 1351 3569 n.
1369 3527 1410 3568 ιι.

162 3601 361 3658 Persuasionis
377 3599 532 3671 dr'pierentia
546 3601 582 3655 al
597 3601 794 3656 admonitione.
807 3619 835 3654 ιι.
851 3609 896 3654 ιι.
1035 3597 1070 3649 In
1084 3597 1242 3652 mulieribus
1252 3597 1345 3653 minor
1353 3597 1500 3671 requiritur
1512 3610 1598 3656 metus
1609 3621 1691 3676 pacm
1704 3601 1733 3658 in
1747 3621 1853 3662 mascu-

162 3687 313 3742 Persuasio
326 3685 463 3758 quomodo
474 3683 586 3754 dsserst
598 3705 615 3739 a
630 3683 781 3738 blanditiis.
794 3702 821 3736 ιι.
835 3693 876 3736 ιι.
1067 3679 1111 3734 lis.
1125 3698 1153 3732 ιι.
1167 3691 1208 3733 ιι.

162 3772 370 3828 Blanditiarum
384 3773 478 3828 tvarioe
491 3771 670 3841 acceptiones.
685 3789 712 3822 ιι.
726 3781 768 3824 ιι.
1034 3761 1224 3836 despondetur
1240 3761 1280 3818 ad
1296 3781 1320 3818 ι.
1337 3767 1543 3825 consultationi.
1564 3781 1606 3826 ιι.
1617 3787 1648 3824 ι.
1659 3771 1694 3828 ds
1708 3789 1804 3844 spons.
1820 3793 1848 3829 n.

165 3859 369 3914 Persuariones
380 3855 518 3912 blanditiis
531 3855 617 3909 initae
628 3854 812 3909 remittuntur.
826 3872 853 3908 ιι.
871 3863 912 3907 ιι.
1074 3859 1117 3900 ιι.

167 3943 321 4013 eromodo
335 3939 448 4014 differat
460 3960 477 3995 a
491 3940 630 3994 consilio?
641 3941 667 3991 r'r.
680 3948 722 3990 ιι.
736 3947 779 3991 ιι.
792 3948 833 3990 ιι.
1039 3932 1209 4000 Quibusnam
1221 3933 1450 4003 persuasionibus
1462 3946 1550 3993 metus
1559 3937 1742 3994 interveniat?
1754 3955 1781 3994 ιι.
1797 3950 1838 3994 ιι.

165 4027 323 4085 ΔιῖιιιιιιἸὶιιιιι
336 4027 402 4099 quid
412 4027 448 4080 sit
461 4026 547 4078 Alea.
560 4023 722 4081 Raudensi?
734 4039 764 4076 n.
780 4031 820 4074 ιι.
1036 4017 1197 4072 Contractus
1212 4028 1285 4072 metu
1297 4018 1384 4074 initus
1390 4021 1559 4076 rescinditur.
1573 4041 1598 4076 n.
1612 4035 1655 4078 ιι.

176 4113 251 4184 Quid
261 4111 415 4168 Ciceroni?
425 4129 451 4163 ιι.
466 4121 509 4163 ιι.
1037 4099 1194 4170 disquiritur
1204 4111 1296 4156 autern
1309 4113 1411 4171 metus,
1424 4105 1473 4178 qui
1483 4107 1566 4162 cadas
1577 4105 1606 4161 in
1618 4105 1704 4162 ritum
1721 4119 1850 4166 constan·

114 4230 118 4250 .=
169 4197 243 4266 Quid
252 4191 577 4266 Puffendarsfioinat.
1074 4183 1217 4236 tissimum.
1231 4203 1260 4236 ιι.
1275 4197 1316 4238 ιι.

166 4283 202 4333 In
217 4279 334 4333 consilio
348 4281 444 4333 amnia
456 4279 523 4331 bene
533 4283 672 4348 geruntur.
684 4293 711 4328 n.
727 4281 769 4328 ιι.
1035 4264 1142 4320 Coacta
1155 4268 1288 4322 voluntas
1301 4269 1384 4324 etiam
1396 4279 1436 4324 ιιι
1446 4273 1580 4330 solantes.
1593 4293 1620 4330 n.
1636 4287 1678 4332 ιι.

164 4363 286 4421 Consilii
297 4381 353 4418 non
356 4360 540 4432 fraudulenti
549 4362 625 4414 nulla
637 4357 778 4427 obligatio.
789 4373 817 4409 n.
830 4367 872 4411 ιι.
1039 4350 1183 4418 Quomodo
1196 4350 1226 4404 id
1235 4352 1450 4423 intelligendum.
1464 4375 1493 4411 ιι.
1508 4369 1549 4412 ιι.
1565 4369 1607 4414 to.

112 4470 116 4480 ·
164 4449 200 4503 E
209 4449 349 4504 contrario
352 4447 536 4518 fraudulenti
546 4445 677 4515 alligatio
690 4455 737 4497 est.
751 4462 779 4496 ιι.
795 4453 837 4494 ιι.
1035 4435 1128 4490 Fraus
1140 4445 1166 4489 ιι
1176 4436 1255 4488 dolus
1267 4438 1373 4491 nemini
1384 4440 1461 4494 dedet
1468 4441 1647 4507 patrocinari.
1660 4461 1685 4496 n.
1700 4455 1742 4500 ιι.

164 4533 275 4590 Malum
288 4531 432 4586 consilium
443 4540 483 4584 est
494 4527 806 4600 consultoripeesimum.
819 4543 844 4580 n.
858 4537 900 4582 ιι.
1035 4520 1185 4575 Persuasio
1198 4521 1334 4576 interdum
1344 4523 1406 4594 plue
1416 4532 1456 4578 est
1466 4543 1550 4597 quam
1563 4527 1725 4598 compulsio.
1739 4545 1767 4582 ιι.
1782 4539 1823 4583 ιι.

167 4619 331 4674 illustratur
340 4617 392 4671 doe
403 4617 527 4684 exemplo
541 4610 656 4668 Perilci.
671 4629 698 4668 n.
713 4624 755 4666 ιι.
1035 4608 1119 4663 ilatio
1133 4609 1251 4663 additur.
1263 4629 1291 4663 ιι.
1307 4621 1350 4664 ιι.

165 4700 479 4770 Percussis-regulatur
495 4701 532 4754 ad
553 4697 664 4751 madum
689 4693 806 4751 consilii.
825 4711 852 4748 n.
872 4702 914 4748 ιι.
942 4699 984 4746 ιι.
1034 4691 1204 4747 Declaratur
1216 4694 1350 4763 exemplo.
1364 4711 1394 4748 ιι.
1408 4704 1450 4747 ιι.

204 4796 247 4838 ιι.
264 4795 305 4836 ιι.
364 4812 367 4825 =
1038 4779 1179 4846 Quatenus
1187 4776 1260 4832 licite
1271 4775 1332 4849 puis
1350 4776 1478 4830 adlidere
1492 4777 1582 4847 possit
1594 4777 1808 4848 persuasiones?
1819 4797 1848 4836 ιι.

167 4869 325 4924 Consilium
336 4870 420 4923 datur
428 4863 534 4936 petenti
544 4863 619 4918 illud.
632 4879 660 4914 n.
675 4871 717 4914 ιι.
1070 4871 1114 4913 ιι.

165 4953 200 5009 aa·
211 4954 295 5007 datur
305 4952 335 5006 id
346 4967 402 5006 non
414 4949 529 5020 ριιιιιιι,
543 4947 632 5017 magis
643 4955 684 5000 ιιι
700 4942 793 5000 suasis
805 4959 854 4998 seu
870 4955 985 5013 persea·
1037 4940 1185 4996 Coronidis
1198 4942 1259 4996 loeo
1276 4943 1419 5014 quaeritur
1437 4961 1513 5000 ιιιιιιι
1529 4943 1671 5002 uncturae
1691 4948 1737 5002 tte
1754 4949 1847 5006 locum

201 5035 253 5088 sio.
268 5053 296 5088 ιι.
310 5043 351 5086 ιι.
1068 5025 1192 5080 babeat?
1204 5043 1231 5080 ιι.
1246 5039 1288 5078 ιι.

163 5119 270 5175 Suasio
285 5137 344 5173 non
354 5134 460 5187 semper
468 5114 619 5186 persuadet.
632 5133 660 5168 ιι.
676 5121 717 5166 ιι.
1035 5111 1180 5166 Hesiodus
1188 5109 1387 5180 disputationis.
1399 5129 1428 5164 ιι.
1439 5121 1480 5166 ιι.

200 5203 247 5257 uid
257 5205 393 5259 suadere?
404 5221 432 5257 ιι.
446 5212 488 5254 ιι.

163 5207 255 5348 ssacta
270 5307 328 5340 ιιοιι
346 5297 439 5340 secuto
453 5283 620 5353 persuadens
636 5300 679 5352 pp.
692 5299 751 5336 nan
768 5289 876 5336 tenetur
889 5293 981 5351 poena
1034 5235 1167 5338 Etiamsi
1186 5281 1216 5336 io
1234 5280 1309 5333 omni
1327 5279 1508 5354 disputatione
1522 5282 1643 5338 meterius
1660 5275 1845 5338 <tonstrinum
1886 5288 1901 5344 t,

202 5371 359 5426 ordinaria.
373 5387 400 5422 n.
416 5380 457 5421 ιι.
1032 5367 1119 5422 stetim
1144 5366 1355 5436 subjungendam
1381 5383 1439 5419 esse
1462 5368 1584 5436 plerique
1607 5366 1775 5430 existiment,
1794 5383 1846 5436 quo

164 5452 365 5523 Persuesiofit
377 5453 468 5523 gratia
479 5451 669 5526 persuadentis
680 5445 849 5523 etpersuasi.
863 5465 891 5504 ιι.
903 5457 945 5503 ιι.
1032 5469 1064 5505 eo
1089 5449 1196 5505 lucilius
1222 5451 1255 5504 de
1273 5467 1318 5514 re,
1336 5467 1403 5520 qnae
1431 5450 1583 5515 tractanda,
1603 5457 1725 5502 constare
1741 5450 1844 5520 possit,

172 5539 277 5594 Gratia
288 5538 411 5604 ριιιιιιιιι·
420 5539 519 5592 solum.
534 5555 560 5589 ιι.
577 5546 616 5588 ιι.
1031 5536 1150 5608 praecise
1168 5543 1256 5590 tamen
1274 5533 1451 5588 necessarlum
1470 5532 1498 5584 id
1517 5549 1569 5585 non
1590 5543 1642 5596 est,
1656 5549 1714 5585 cnm
1733 5541 1761 5584 et
1778 5532 1844 5586 lotis

163 5627 232 5680 lt'an
243 5643 305 5678 aero
317 5623 408 5696 gratia
421 5621 611 5694 persuadentis
623 5621 722 5679 solum.
736 5637 764 5678 ιι.
779 5633 822 5676 ιι.
1031 5619 1165 5678 inmittere
1182 5619 1234 5695 sit,
1254 5619 1394 5677 verborum
1411 5617 1613 5693 explicationem
1631 5615 1747 5674 faciliori
1764 5615 1845 5692 iutetf

263 5709 367 5782 Strylii
385 5711 447 5768 l'al.
465 5711 525 5764 ΙΙΙ.
1480 5711 1516 5775 ιιΙ
