4228 6240
183 343 234 396 sap

129 437 195 488 nos,
214 415 323 476 miseria
344 423 432 466 tamen
448 406 519 474 erit,
537 421 595 458 eum
609 413 730 458 senectus
742 423 789 474 per
803 423 831 458 se
843 405 951 460 morbos

129 509 174 562 sit.
193 508 267 560 illoc
283 501 442 576 quaeritur,
460 513 494 548 an
514 508 594 548 senes
615 505 662 560 pro
682 501 786 560 aegroto
806 490 952 554 habendus,

129 606 155 650 et
172 612 237 648 num
255 599 384 648 statutum
405 585 438 640 ale
458 579 576 636 infirmis
594 579 705 646 loquens
731 576 810 628 etiam
829 575 858 628 in
879 575 952 636 seni-

130 679 179 732 bos
196 679 284 732 iocum
303 670 416 729 habeat?
434 669 488 726 sid.
508 663 632 718 illenoeh.
651 671 730 716 44644.
744 660 778 716 aie
789 669 953 734 pmosumpr,

131 767 176 821 446.
197 779 220 820 4.
239 769 405 833 praesampr.
425 767 466 808 44.
487 771 562 808 nam.
583 760 626 802 ss.
642 766 698 818 aeq.

169 853 307 922 Quaem
325 864 385 901 4646
405 837 591 910 longaevitatis
606 834 680 886 illius
692 830 900 904 patriarcharum
914 849 955 884 ra·

134 937 172 991 tio
190 935 290 998 suerit,
309 930 387 986 anxie
402 923 527 980 nonnulli
546 919 706 988 inquirunt,
723 931 832 982 eamque
851 915 955 982 quibus·

135 1023 195 1075 dam
206 1021 236 1072 in
249 1019 338 1072 carnis
355 1031 402 1068 esn
415 1023 542 1082 quaerere
558 1005 660 1074 planeta
674 1000 798 1054 carnibus
811 999 883 1051 enim
896 1000 955 1052 aba.

132 1105 244 1160 tinuisse
267 1099 389 1154 homines
414 1104 476 1149 ante
493 1090 625 1143 diluuium
644 1084 712 1156 ipsis
737 1084 876 1138 nonrsollis
901 1085 955 1155 pri·

134 1187 244 1242 astitisse
261 1183 388 1238 ecclesiae
407 1172 633 1250 patribussisum
653 1169 721 1231 luit,
737 1168 807 1222 iuter
824 1185 891 1238 quos
916 1179 956 1222 est

133 1275 246 1328 Hieron.
267 1269 401 1324 adversus
420 1263 533 1317 Jora'on.
552 1259 569 1310 l.
592 1267 614 1308 t.
635 1255 682 1326 qui
701 1256 772 1306 lorus
794 1253 908 1308 babetur
927 1253 954 1306 io

135 1359 196 1429 ipso
214 1359 273 1424 jure
290 1369 384 1406 canon.
404 1367 466 1402 cun.
487 1357 511 1399 4.
529 1343 592 1398 dist.
612 1352 654 1394 44.
668 1339 741 1392 idem
757 1338 841 1393 terme
855 1337 954 1392 ethnici

137 1446 171 1499 de
187 1443 335 1515 primorum
355 1434 494 1489 bominum
513 1431 584 1482 416414
603 1425 773 1495 judicarunt,
792 1440 839 1477 ceu
864 1423 956 1478 4141646

136 1541 178 1584 644
194 1526 266 1598 apud
286 1522 363 1576 0rid.
381 1523 399 1573 1.
420 1531 460 1572 44.
475 1513 736 1582 metamaucum.
752 1523 794 1564 66.
808 1525 880 1582 seqq.
896 1511 956 1562 l'lu.

137 1616 224 1674 iareb.
242 1622 314 1668 6464.
334 1621 358 1662 4.
376 1609 409 1661 416
427 1603 553 1662 carnium
573 1616 619 1654 esn
637 1614 699 1665 cop·
720 1607 744 1650 4.
766 1596 804 1648 hu
819 1614 880 1649 acro
895 1594 955 1666 pri-

138 1708 176 1760 mi
194 1700 271 1756 orbis
288 1708 418 1751 terrarum
438 1693 538 1744 incolae
555 1684 681 1740 carnibus
692 1680 889 1743 abstinuerint,
905 1699 948 1734 ane

138 1799 192 1852 rito
210 1791 240 1844 in
258 1783 340 1836 dnbio
358 1777 542 1848 relinquimus.
557 1775 626 1828 Sane
638 1777 713 1822 sento
724 1766 769 1820 die
783 1764 882 1818 bestiae
894 1775 956 1818 suast

138 1885 257 1939 creatae,
275 1880 378 1924 etcum
397 1859 493 1914 bestiis
512 1867 569 1910 orta
588 1853 685 1907 calendi
705 1861 819 1921 potestas
838 1865 955 1903 escarum

140 1976 167 2020 et
184 1977 261 2020 usus,
280 1951 369 2023 inquit
389 1943 541 1999 1441464164
559 1941 603 1994 lib.
624 1939 657 1992 416
677 1937 742 1990 Elia
768 1947 795 1990 64
817 1935 914 2004 jenunio
934 1953 955 1988 6.

142 2065 165 2106 4.
183 2064 263 2120 quem
281 2045 368 2094 luctam
389 2031 482 2088 iridem
500 2027 610 2084 exhibet
622 2027 663 2094 jus
676 2040 769 2076 canon.
781 2039 843 2074 can.
859 2033 883 2072 6.
897 2021 957 2073 dist.

142 2154 183 2196 66.
201 2146 230 2190 64
248 2132 332 2184 molto
351 2125 434 2191 maius
454 2119 563 2173 dubium
585 2124 641 2176 est,
659 2128 692 2162 sn
719 2126 794 2163 causa
820 2108 958 2162 breuitatis

139 2227 209 2281 ritae
227 2220 255 2272 in
276 2213 394 2271 carisium
413 2227 458 2263 esu
477 2201 596 2277 ponenda
610 2199 661 2263 sit,
674 2208 702 2252 64
716 2198 743 2248 in
759 2197 865 2249 iliarum
879 2193 961 2246 absti-

138 2309 231 2366 nentia
248 2307 319 2360 ritae
335 2294 504 2367 longaevitas.
524 2290 570 2342 sto
587 2285 689 2339 etenim
708 2281 836 2342 rusticos,
863 2278 959 2348 quibus

139 2393 228 2447 rarius
245 2385 379 2452 contingit
397 2377 521 2432 carnibus
538 2371 622 2434 46461,
636 2364 773 2436 opulentis
785 2361 890 2415 civibus
903 2361 961 2413 lou·

141 2499 174 2548 ee
190 2474 334 2532 vivaciores
353 2484 409 2521 esse
427 2469 568 2532 oporteret.
589 2455 627 2508 144
646 2470 706 2506 4646
729 2451 859 2504 masculus
884 2448 958 2500 risa·

141 2565 198 2616 cior
217 2561 255 2613 sit
271 2573 350 2627 quam
370 2549 500 2608 litamina,
520 2539 684 2615 quaestionis
697 2535 755 2588 est?
775 2537 845 2587 Sane
863 2531 961 2584 11414164

143 2653 183 2706 aad
194 2658 212 2700 4.
235 2655 259 2698 4.
277 2662 298 2696 c.
318 2640 351 2695 416
369 2635 412 2690 tata
429 2633 478 2704 4441
492 2628 599 2684 reniam
611 2621 829 2680 nearciacum
847 2629 960 2681 secutus,

143 2735 227 2797 dicit,
246 2728 386 2784 mulierem
406 2719 488 2775 citius
507 2709 617 2786 perlici,
636 2709 769 2776 citiusque
789 2704 873 2768 mori,
900 2719 961 2771 qne·

141 2813 316 2874 madmodum
336 2809 404 2862 mala
421 2802 501 2856 herba
522 2799 602 2850 citius
619 2794 733 2852 crescit,
751 2809 828 2862 quam
844 2789 919 2840 bona.
932 2787 963 2841 Et

139 2901 212 2976 qnod
232 2900 298 2954 alias
316 2894 433 2955 dieitur,
453 2888 597 2940 mulierem
620 2879 777 2947 capaciorem
799 2870 870 2928 611141
885 2890 964 2942 qnam

140 2988 305 3047 masculum,
324 2983 374 3033 boc
393 2972 516 3030 falsitatis
534 2967 623 3038 arguit
637 2964 750 3019 11414141
770 2963 787 3014 i.
807 2960 861 3016 Sed
879 2972 962 3014 trans-

140 3089 201 3132 eant
214 3074 291 3130 baec,
309 3072 401 3134 utpote
418 3061 505 3112 aliena
525 3075 538 3106 4
558 3071 645 3122 scopo.

177 3156 289 3214 interim
307 3159 409 3204 certum
424 3155 480 3208 est,
494 3137 620 3212 plurimas
633 3135 666 3188 de
678 3131 817 3186 hominum
831 3131 879 3184 4144
894 3125 962 3180 haud

141 3261 203 3297 raro
223 3241 251 3292 in
271 3237 329 3288 loro
348 3242 486 3284 6664444646
506 3215 715 3275 controuersias:
728 3212 794 3264 binc
807 3208 964 3278 gene-aliter

140 3336 281 3383 notamus,
301 3319 382 3371 sitam
419 3304 523 3378 quando
540 3298 724 3375 principaliter
743 3295 775 3347 de
788 3311 817 3346 ea
830 3293 928 3360 agitur,
939 3301 965 3344 et

142 3411 205 3484 quis
225 3409 252 3459 in
274 3422 304 3459 ea
324 3395 499 3454 intentionem
515 3406 586 3444 snam
601 3383 706 3445 fundat,
719 3379 881 3452 probantium
896 3395 965 3440 6446,

146 3507 207 3568 puta
221 3502 248 3546 et
262 3481 456 3542 excludendum
478 3475 608 3544 aliquem,
622 3481 648 3523 nt
666 3468 687 3520 si
706 3465 765 3536 quis
784 3466 895 3532 alleget,
915 3463 965 3516 ali-

142 3598 224 3652 quem
244 3573 332 3628 lilium
354 3563 488 3623 testatoris
507 3561 611 3623 414646,
630 3552 794 3608 intercludat
810 3549 964 3603 institutum

144 3690 159 3722 a
179 3672 321 3720 testatore,
339 3669 392 3708 non
411 3649 557 3707 relevatur,
574 3644 640 3695 licet
658 3637 753 3710 probet
771 3631 860 3688 lilium
889 3643 968 3689 testu.

143 3750 210 3807 toris
229 3744 314 3800 luisse
333 3739 361 3790 in
377 3749 469 3789 rerum
487 3738 597 3788 natura,
616 3744 640 3778 4.
667 3721 747 3774 Card.
774 3718 871 3772 Tusch.
897 3737 966 3773 cun.

146 3837 212 3890 64444.
233 3840 294 3880 446.
312 3841 340 3877 rs.
361 3833 383 3874 6.
401 3835 455 3887 seq.
473 3814 512 3867 tir.
533 3831 556 3865 4.
576 3809 628 3864 8641
648 3803 812 3877 probandum
833 3811 889 3868 est,
902 3819 962 3856 eum

147 3921 227 3973 etiam
248 3928 320 3966 nune
339 3919 491 3976 superesse.
521 3895 584 3967 quia
614 3909 685 3946 ruors
719 3887 797 3940 facile
831 3888 970 3956 contingit.

146 3996 277 4055 blaseard.
296 3993 329 4046 de
343 3988 451 4060 produt.
470 3983 522 4036 aui.
544 3993 568 4034 t.
587 3977 676 4031 conci.
693 3984 751 4026 tto.
765 3989 792 4024 n.
810 3985 849 4024 46.
863 3969 970 4024 Panion.

149 4075 349 4152 deprocari.
370 4083 391 4124 t.
410 4087 434 4124 6.
457 4079 480 4120 4.
501 4085 528 4120 44.
551 4075 575 4114 6.
595 4061 695 4113 Bartoi.
716 4057 744 4111 in
764 4059 782 4110 1.
800 4056 933 4126 siqnidem
950 4069 973 4107 6.

149 4189 171 4223 6.
189 4165 272 4219 solut.
292 4156 411 4213 matrim.
429 4152 473 4206 Uti
495 4167 544 4202 nec
564 4161 634 4198 mors
648 4141 840 4212 praesumitur,
854 4139 918 4193 binc
929 4141 973 4210 qui

149 4254 178 4307 in
199 4269 229 4304 ea
249 4265 277 4300 se
297 4233 634 4302 transmontanorum
655 4228 704 4281 boc
728 4242 787 4277 sarae
813 4222 976 4276 intentionis

150 4333 265 4408 probare
283 4341 419 4382 necessum
439 4316 561 4374 babebit.
582 4311 635 4365 4141.
663 4306 821 4364 Gotboired.
847 4307 885 4362 od
906 4307 933 4360 d.
959 4305 976 4359 l.

152 4415 287 4488 siqnidem
308 4423 331 4462 6.
351 4427 372 4461 c.
390 4405 440 4460 sol.
461 4408 543 4454 matr.
562 4397 601 4450 tir.
622 4410 647 4446 6.
666 4388 903 4444 'lumbricensi
918 4399 978 4442 446.

151 4524 179 4558 44.
202 4510 245 4554 44.
259 4497 298 4550 iit.
315 4513 344 4548 rr.
365 4493 416 4544 lin.
437 4491 527 4544 Strur.
547 4502 593 4538 err·
611 4499 645 4531 oe.
662 4479 700 4530 414.
721 4490 763 4530 66.
782 4474 883 4528 Bartol.
906 4475 933 4527 41.
960 4475 977 4526 1.

151 4583 284 4642 lilascard.
302 4581 327 4634 d.
346 4589 379 4632 tr.
399 4573 486 4630 664461.
510 4577 589 4623 tort.
611 4563 715 4618 Pacian.
733 4561 766 4613 416
781 4560 891 4628 probor.
911 4560 927 4610 1.
951 4569 974 4608 4.

152 4689 175 4726 6.
195 4682 220 4721 t.
239 4686 268 4720 n.
287 4679 310 4718 4.
330 4673 356 4717 64
372 4679 394 4716 6.
415 4671 440 4711 6.
460 4657 490 4710 Si
512 4663 602 4706 tamen
621 4647 681 4717 quis
701 4643 748 4697 din
771 4643 889 4697 absentis
908 4643 977 4695 bona

154 4764 243 4828 petat,
261 4764 354 4804 eorum
372 4738 574 4797 administratio
593 4729 716 4804 proximo
742 4737 833 4796 agnato
853 4726 901 4780 sub
920 4745 979 4779 cau-

154 4843 230 4895 tione
247 4831 376 4905 praestita
394 4827 523 4902 honorum
544 4815 689 4890 possessori
705 4822 734 4868 et
748 4811 935 4881 magistratui,
950 4827 977 4862 46

153 4915 423 4978 1464441466Ιί4146446
434 4905 700 4964 administraturum,
714 4908 740 4951 et
754 4896 823 4950 lorte
841 4893 972 4957 redeunti,

155 5007 358 5060 restituturum.
376 4989 493 5046 concedi·
506 4995 591 5058 potest
609 4983 662 5037 aid.
683 4980 786 5034 Pacian.
813 4977 839 5030 d.
864 4977 883 5027 l.
909 4995 933 5030 6.
953 4987 977 5028 s.

162 5109 190 5144 n.
211 5099 236 5140 4.
254 5097 282 5140 64
298 5083 324 5136 h.
344 5080 491 5133 Brunnem.
510 5079 580 5126 66444.
601 5078 624 5122 4.
642 5066 699 5121 dec.
721 5075 763 5116 44.
782 5061 895 5114 addatur
922 5063 979 5113 Me·

155 5175 235 5231 noch.
253 5173 272 5224 l.
293 5183 318 5224 6.
330 5171 496 5237 praesumus.
518 5167 558 5208 46.
578 5173 606 5206 44.
627 5163 669 5204 44.
687 5166 743 5221 seq.
764 5147 816 5198 tto.
837 5147 929 5198 Siros.
955 5143 980 5196 d.

160 5281 205 5315 ex.
230 5271 269 5312 46.
283 5257 320 5307 tIr.
340 5264 382 5306 66.
402 5247 457 5300 nisi
477 5242 537 5298 scil.
556 5241 608 5308 jam
632 5249 690 5290 466.
709 5232 774 5285 anni
799 5230 856 5284 sint
878 5230 982 5299 elapsi,

157 5345 270 5400 ulterius
287 5336 404 5409 quippe,
422 5341 452 5383 nt
470 5342 547 5398 supra
567 5325 688 5385 dictum,
708 5321 786 5371 bomo
812 5316 901 5368 414646
928 5331 982 5366 non

159 5423 346 5502 praesumitur.
368 5415 473 5470 Parion.
493 5411 518 5466 d.
538 5411 555 5463 1.
574 5427 597 5466 6.
619 5419 643 5460 t.
663 5425 691 5458 n.
711 5415 751 5456 66.
765 5403 880 5453 Mortem
895 5409 981 5452 tamen

160 5509 312 5574 testatoris,
326 5499 457 5558 beneficio
468 5499 487 5553 1.
503 5497 548 5552 uit.
561 5512 584 5547 c.
598 5491 633 5544 de
645 5489 722 5544 edict.
739 5487 829 5541 1144414.
843 5484 902 5537 4611.
924 5501 985 5536 usu-

161 5616 223 5662 rns,
243 5595 358 5666 probare
376 5605 429 5642 non
448 5581 597 5644 tenebitur,
618 5595 676 5630 cunt
692 5573 735 5625 bic
747 5569 812 5624 satis
831 5569 884 5630 sit,
903 5577 986 5620 testa-

164 5691 285 5737 mentum
300 5675 443 5736 esiaibere,
458 5670 514 5722 aid.
526 5678 613 5720 tamen
626 5655 758 5714 41444441.
772 5653 892 5708 daunai.
910 5662 986 5704 4444.

169 5783 196 5822 n.
217 5779 241 5823 4.
259 5758 386 5820 1446446614.
406 5754 505 5812 secred.
526 5763 549 5807 4.
569 5745 682 5820 6411μὶ46.
698 5755 770 5814 porr.
789 5757 816 5794 44.
839 5749 899 5792 664.
911 5752 984 5809 seqq.

694 305 743 360 DE
760 307 845 364 Vtut
865 305 1019 362 nument
1039 307 1077 363 lli
1097 302 1248 360 (1111111111.

1716 296 1767 352 218

1004 405 1103 460 liartoi.
1122 403 1161 456 ad
1177 403 1203 456 d.
1222 403 1240 454 i.
1258 401 1305 454 4414.
1322 418 1345 454 6.
1364 397 1630 458 resonantiam.
1650 396 1818 466 Quamquam

1003 492 1085 560 aliqui
1106 491 1163 544 aiot
1196 487 1241 556 qui
1262 485 1425 541 eontrarium
1455 492 1584 548 statuunt,
1615 498 1681 550 quos
1710 479 1823 532 ,4414144614

1004 573 1126 628 1116446614.
1144 575 1171 628 cl.
1189 572 1207 624 1.
1225 588 1252 622 n.
1273 581 1332 622 664.
1351 569 1396 622 ubi
1417 587 1445 620 n.
1466 582 1527 622 664.
1542 585 1585 622 eos
1599 565 1701 622 duobus
1715 565 1822 618 casibus

1005 657 1178 714 consideratis
1188 655 1328 710 6646111446
1342 653 1453 707 nititur:
1470 652 1573 722 primus
1586 661 1641 714 644,
1655 668 1712 703 cum
1729 651 1822 702 haeres

1004 740 1113 793 exbibet
1131 747 1327 802 testamentum,
1351 737 1404 790 sibi
1422 755 1436 790 a
1455 735 1559 790 notario
1588 733 1678 788 datum
1704 741 1824 802 praetore

1005 835 1125 890 auctore,
1144 823 1191 878 asiai
1217 836 1289 875 mors
1306 819 1439 892 probanda
1459 837 1512 873 non
1531 828 1585 873 est:
1611 815 1742 870 4664464164
1767 823 1823 878 eat,

1005 927 1063 962 oum
1082 911 1174 962 haeres
1192 907 1301 962 exbibet
1321 913 1530 968 testamentum,
1549 901 1619 973 quod
1633 900 1739 955 aliunde
1757 915 1822 952 oon·

1004 1003 1108 1046 secutus
1127 1005 1180 1058 eat,
1199 994 1246 1046 ubi
1266 1005 1336 1045 mors
1348 987 1492 1060 probanda.
1507 991 1545 1043 ita
1557 1002 1622 1040 uxaar
1633 985 1756 1040 ambiens
1768 1001 1822 1038 ma·

1004 1077 1161 1130 trimonium
1181 1078 1286 1138 mariti,
1306 1092 1358 1128 non
1383 1073 1516 1126 malitiose
1540 1069 1680 1132 obaeratis,
1709 1080 1822 1120 mortem

1005 1163 1118 1231 probare
1138 1161 1233 1224 debet,
1253 1177 1330 1214 secus
1348 1157 1402 1228 ipsi
1421 1166 1548 1229 perpetuo
1562 1152 1827 1224 expectandum,-per

1003 1246 1075 1298 auth.
1094 1247 1174 1301 bodie
1192 1264 1215 1300 c.
1233 1244 1268 1298 de
1285 1243 1376 1310 repud.
1394 1252 1420 1294 et
1444 1243 1546 1294 clarum
1575 1248 1677 1294 textum
1705 1237 1733 1290 in
1752 1254 1776 1291 c.
1795 1237 1826 1292 in

1002 1331 1157 1390 praesentio
1175 1328 1382 1396 attenuarat.
1401 1336 1427 1378 64
1444 1343 1467 1378 c.
1489 1335 1513 1378 4.
1527 1343 1557 1377 a.
1578 1324 1612 1377 de
1622 1322 1731 1376 secund.
1749 1333 1827 1390 nupt.

1004 1405 1062 1460 Nou
1079 1410 1197 1464 obstante
1209 1425 1372 1480 quacumque
1386 1405 1514 1476 temporis
1527 1404 1723 1474 longinquitate
1736 1439 1744 1466 ,
1757 1403 1827 1458 conl.

1005 1494 1095 1548 Farin.
1113 1515 1137 1566 p.
1160 1506 1220 1548 444.
1239 1513 1265 1548 ra.
1286 1503 1329 1546 46.
1346 1509 1418 1564 seqq.
1440 1490 1475 1544 tta
1492 1489 1555 1542 iicet
1572 1488 1699 1558 diligenti
1713 1489 1826 1558 inquisi-

1007 1579 1079 1634 tione
1096 1579 1164 1634 iacta
1182 1577 1329 1642 nesciatur,
1348 1576 1393 1628 ubi
1418 1575 1455 1628 sit
1484 1574 1617 1635 maritus,
1648 1589 1699 1624 non
1735 1582 1826 1624 tamen

1006 1665 1186 1734 praesumitur
1204 1675 1333 1716 mortuus·
1353 1659 1521 1714 Schneidew.
1541 1657 1578 1711 uri
1592 1668 1611 1709 4.
1626 1655 1689 1708 inst.
1704 1655 1736 1710 de
1749 1667 1826 1724 nupt.

1005 1761 1079 1818 port.
1099 1759 1122 1799 4.
1141 1767 1168 1800 44.
1189 1759 1230 1802 44.
1248 1747 1361 1800 addatur
1381 1743 1407 1798 b.
1433 1744 1569 1796 lirunuem
1594 1743 1633 1798 od
1642 1743 1668 1796 d.
1682 1745 1758 1796 64414.
1773 1745 1824 1796 iro·

1006 1834 1056 1887 die.
1078 1837 1117 1886 De
1136 1832 1313 1901 jureautiquo
1335 1829 1445 1900 quidem
1465 1828 1530 1881 satis
1549 1826 1688 1880 sitiebatur
1708 1844 1783 1890 esse,
1803 1827 1826 1877 si

1006 1921 1101 1986 conjux
1120 1920 1256 1987 corajagem
1275 1918 1408 1968 absentem
1429 1931 1477 1982 per
1494 1910 1706 1980 quinquennium
1733 1928 1827 1980 esspe-

1005 2012 1097 2066 ctaret,
1116 2004 1187 2069 jarxta
1205 2003 1221 2053 i.
1243 2016 1345 2053 44646464
1366 2011 1388 2052 6.
1398 1996 1439 2067 ff
1459 1997 1491 2048 de
1509 1997 1645 2048 4114464464
1664 1997 1758 2061 repud.
1774 1994 1826 2048 Sed

1008 2085 1067 2151 jure
1079 2103 1145 2138 noro
1162 2093 1191 2138 64
1207 2083 1334 2136 canonico
1350 2098 1400 2152 per
1416 2081 1496 2148 alleg.
1515 2088 1582 2131 4664.
1601 2095 1677 2129 secus
1696 2087 1748 2140 644,
1775 2077 1827 2129 4141.

1008 2170 1138 2224 lilascard.
1156 2172 1244 2222 664461.
1268 2176 1343 2221 tort.
1363 2185 1389 2220 n.
1414 2176 1438 2217 4.
1455 2183 1509 2234 sep.
1528 2160 1668 2234 Quomodo
1683 2179 1742 2214 sero
1756 2181 1827 2216 mors

1010 2257 1151 2330 probetur,
1172 2255 1226 2308 rial.
1254 2253 1378 2306 itieoooh.
1400 2250 1502 2306 remed.
1529 2260 1552 2303 4.
1577 2247 1687 2312 adipirc.
1711 2265 1783 2318 porr.
1806 2268 1831 2303 n.

1013 2355 1071 2413 444.
1089 2359 1161 2412 seqq.
1181 2337 1356 2390 Bertbanbin.
1375 2336 1403 2388 in
1421 2345 1514 2401 repert.
1534 2353 1589 2392 poc.
1607 2349 1690 2386 mors.
1704 2333 1830 2404 Carpzor.

1008 2445 1034 2493 p.
1055 2439 1077 2478 4.
1096 2443 1120 2476 6.
1142 2435 1182 2475 44.
1199 2422 1225 2474 44.
1246 2433 1285 2473 44.
1308 2419 1485 2472 [laetatu-1.
1506 2429 1533 2470 64
1553 2416 1681 2470 44446444.
1696 2415 1721 2468 d.
1737 2419 1826 2470 conat.

1011 2521 1037 2565 64
1052 2527 1123 2580 seqq.
1142 2509 1176 2560 Et
1193 2507 1268 2576 quis,
1289 2505 1311 2556 si
1333 2503 1401 2556 torte
1420 2503 1471 2555 duo
1497 2503 1578 2554 siansai
1607 2519 1628 2554 c.
1653 2519 1676 2571 q.
1707 2513 1783 2573 pater
1801 2512 1828 2558 et

1010 2593 1082 2647 filius
1115 2590 1241 2646 incendio
1274 2590 1313 2642 rel
1346 2588 1483 2654 naufragio
1503 2586 1650 2655 perierint,
1676 2587 1715 2638 461
1747 2597 1832 2642 mater

1011 2669 1070 2733 641444
1089 2677 1194 2729 infante
1210 2675 1238 2726 in
1256 2673 1400 2744 puerperio
1419 2672 1574 2738 decesserit,
1593 2674 1668 2741 prius
1688 2685 1854 2738 mortuns,-

1011 2763 1114 2836 etquis
1132 2770 1264 2831 superstes
1283 2768 1476 2830 praesumatur,
1495 2777 1518 2808 v.
1532 2755 1611 2810 caat.
1631 2758 1832 2814 ’144614664461
1848 2751 1850 2756 ’

1013 2859 1072 2902 464.
1091 2845 1132 2898 lit.
1149 2864 1184 2898 m.
1203 2846 1277 2896 ttteo.
1296 2841 1323 2894 d.
1340 2851 1508 2912 praerumpat.
1527 2843 1544 2894 1.
1567 2855 1590 2895 6.
1608 2859 1698 2914 praes.
1721 2856 1763 2898 66.
1783 2847 1833 2898 ad·

1012 2932 1089 2984 datur
1107 2929 1152 2982 dn.
1172 2930 1259 2982 Strur.
1276 2944 1366 2980 66646.
1386 2939 1427 2980 ss.
1446 2927 1483 2978 414.
1505 2937 1547 2978 66.
1567 2929 1672 2980 Parion.
1702 2929 1734 2982 rie
1753 2929 1832 2998 prod.

1012 3018 1030 3070 1.
1051 3027 1075 3068 4.
1092 3029 1114 3066 c.
1136 3025 1160 3065 4.
1179 3030 1207 3064 n.
1228 3025 1269 3065 46.
1288 3027 1360 3082 seqq.
1380 3021 1407 3064 et
1425 3029 1447 3064 6.
1469 3023 1495 3064 6.
1513 3031 1540 3065 n.
1561 3025 1584 3066 6.
1603 3030 1674 3086 seqq.

1049 3099 1132 3152 Porro
1150 3095 1322 3168 posthumum
1344 3095 1431 3148 airum
1452 3096 1549 3150 editum
1566 3097 1661 3160 luisse,
1678 3098 1728 3164 iis,
1741 3100 1785 3170 qari
1804 3101 1832 3153 iu

1014 3184 1071 3248 ejus
1090 3180 1143 3233 sita
1163 3195 1190 3230 se
1210 3177 1340 3242 tundant,
1362 3179 1528 3248 probandum
1558 3180 1698 3236 incumbit.
1726 3179 1837 3236 Sufficit

1016 3276 1103 3318 tamen
1123 3266 1210 3335 ipsum
1230 3263 1356 3334 spiritum
1377 3263 1510 3330 edidisse,
1532 3266 1598 3320 iicet
1617 3285 1678 3320 ntor
1699 3267 1727 3319 in
1749 3267 1836 3321 mani·

1016 3352 1064 3404 bus
1081 3349 1254 3402 obstetricum
1276 3347 1373 3401 iterum
1401 3348 1559 3414 decesserit,
1580 3353 1597 3404 l.
1626 3364 1648 3404 4.
1653 3354 1695 3423 ff
1715 3354 1738 3406 44.
1759 3353 1836 3408 iiber.

1017 3448 1043 3490 64
1061 3437 1197 3506 postianm.
1216 3435 1238 3485 1.
1257 3445 1281 3486 4.
1300 3450 1323 3486 6.
1342 3434 1401 3488 eod.
1423 3437 1500 3490 modo
1527 3455 1579 3490 non
1606 3439 1641 3489 414
1667 3440 1839 3493 4164414644.

1019 3535 1042 3574 4.
1060 3540 1083 3576 6.
1103 3521 1128 3574 d.
1148 3531 1167 3572 4.
1186 3521 1226 3572 461
1248 3529 1432 3586 466446446464,
1451 3539 1510 3574 cum
1531 3523 1596 3574 tales
1614 3523 1696 3576 liberi
1709 3541 1761 3577 non
1776 3526 1840 3595 sint,

1017 3608 1033 3659 i.
1058 3616 1096 3659 44.
1104 3602 1145 3674 ff
1165 3604 1199 3657 de
1216 3613 1278 3656 stat.
1299 3603 1430 3656 dormant
1444 3615 1584 3675 antequam
1599 3607 1850 3669 davantreeanaz·

1017 3696 1109 3754 hatur,
1128 3688 1269 3744 extinctus
1291 3688 1522 3758 deprehendatur,
1539 3693 1637 3746 contar.
1658 3696 1803 3755 1161444441
1821 3703 1840 3754 4.

1023 3787 1071 3832 444
1093 3770 1135 3842 ff.
1154 3773 1196 3826 de.
1215 3773 1285 3826 4644.
1303 3773 1373 3845 sign.
1393 3773 1446 3827 cur
1465 3793 1526 3828 4646
1541 3779 1655 3842 mortni,
1669 3783 1712 3850 qni
1728 3799 1844 3838 nasoon.

1017 3871 1075 3922 tnr,
1107 3875 1193 3927 neque
1207 3855 1264 3909 nati
1283 3873 1368 3925 neque
1388 3860 1516 3926 procreati
1535 3860 1701 3916 habeantur?
1724 3866 1779 3919 sid.
1800 3888 1841 3938 ap,

1022 3943 1182 3997 Brechaeam
1202 3939 1275 3995 44411.
1298 3950 1355 3991 trs.
1364 3938 1406 4008 ff
1423 3939 1456 3994 de
1476 3960 1497 3994 4.
1515 3959 1536 3995 4.
1557 3946 1588 3998 Si
1609 3955 1695 4001 tamen
1712 3951 1837 4018 4444411641,

1023 4031 1072 4082 sub
1090 4025 1245 4082 conditione
1262 4025 1284 4078 si
1300 4027 1421 4095 peperit,
1441 4025 1505 4094 quid
1525 4027 1638 4096 legatum
1660 4033 1839 4099 414,441141444

1022 4114 1150 4178 obstabit,
1170 4111 1195 4164 41
1214 4119 1345 4164 mortuum
1367 4108 1446 4162 inerit
1466 4111 1561 4176 enixa,
1581 4131 1642 4168 cum
1656 4135 1705 4186 per
1718 4135 1774 4172 eam
1790 4141 1844 4176 non

1025 4195 1140 4258 steterit,
1156 4213 1207 4265 per
1221 4197 1240 4247 l.
1263 4205 1320 4247 446.
1329 4191 1372 4262 ff.
1392 4194 1424 4247 de
1444 4213 1466 4248 4.
1485 4211 1510 4248 4.
1529 4196 1627 4252 conier.
1650 4200 1799 4258 Brechaeus
1819 4207 1846 4263 41.

1025 4284 1041 4334 i.
1063 4283 1126 4334 licet
1140 4279 1302 4333 eontrarium
1328 4277 1449 4331 rideatur
1467 4289 1578 4333 statuere
1596 4282 1744 4341 i'ornerins
1763 4291 1802 4344 ad
1818 4293 1845 4344 41.

1025 4366 1044 4417 t.
1067 4375 1124 4416 444.
1144 4363 1361 4433 Vagitusaatem
1391 4367 1593 4428 646466446414,
1628 4386 1765 4426 necessum
1792 4393 1845 4429 non
1903 4390 1936 4433 44

1027 4460 1079 4509 644,
1091 4447 1145 4501 4141.
1164 4446 1274 4516 magnii.
1292 4447 1335 4498 dn.
1358 4450 1444 4500 Praea.
1463 4459 1495 4501 44.
1516 4451 1679 4506 4144464644.
1700 4457 1735 4510 ab
1755 4457 1846 4512 144644.

1027 4553 1049 4588 6.
1071 4545 1095 4585 4.
1114 4543 1166 4587 art.
1189 4545 1209 4586 t.
1229 4531 1252 4606 5.
1275 4543 1315 4587 to.
1335 4533 1458 4602 Carpaor.
1475 4553 1503 4604 p.
1522 4549 1545 4589 4.
1565 4556 1587 4591 6.
1610 4551 1651 4591 44.
1668 4542 1693 4594 d
1718 4557 1757 4596 44.
1771 4546 1851 4600 Nam-

1026 4635 1076 4686 que
1096 4634 1128 4670 ex
1147 4617 1236 4685 vagitu
1258 4626 1329 4670 recte
1347 4618 1454 4687 quidem
1468 4620 1501 4672 de
1520 4622 1573 4674 rita
1592 4624 1723 4694 infertur,
1743 4635 1788 4686 sed
1816 4651 1851 4690 ex

1028 4705 1085 4766 eius
1104 4701 1209 4756 deiectu
1224 4707 1293 4756 maie
1306 4723 1378 4758 mors
1392 4709 1588 4776 praesumitur,
1600 4714 1670 4782 quod
1687 4725 1776 4772 samen
1790 4722 1849 4776 vute,

1028 4787 1090 4840 tob.
1109 4806 1123 4839 4
1143 4785 1409 4854 Sandedec.srisr'r.
1428 4791 1445 4842 1.
1467 4800 1490 4844 4.
1508 4791 1549 4845 n'r.
1579 4807 1604 4847 6.
1634 4795 1690 4859 deli
1725 4813 1749 4853 s.
1783 4805 1855 4858 Srrnt

1031 4870 1130 4924 etenim
1150 4873 1229 4940 plura
1248 4872 1317 4925 41446
1347 4871 1456 4939 udicis,
1474 4893 1586 4946 quorum
1603 4880 1731 4950 quaedam
1749 4887 1859 4944 exhibet

1030 4955 1180 5009 Brechaeus
1197 4955 1222 5008 d.
1242 4955 1261 5005 t
1279 4954 1384 5024 Quibus
1402 4975 1462 5012 4646
1483 4962 1570 5016 modis
1584 4976 1686 5034 partum
1702 4968 1789 5026 414646
1801 4989 1856 5027 non

1032 5038 1150 5112 potuisse
1168 5039 1307 5110 probetur,
1329 5040 1382 5094 rid.
1401 5043 1470 5112 apud
1488 5047 1624 5102 Muscard·
1637 5049 1666 5104 d.
1676 5055 1753 5121 prud.
1767 5058 1854 5110 66661.

1037 5137 1045 5178 i
1054 5137 1081 5178 hl
1092 5161 1098 5175 .

1070 5208 1207 5264 Caetemm
1228 5209 1281 5264 1466
1300 5212 1518 5281 praetereundum
1534 5234 1586 5272 non
1600 5219 1720 5287 ridetur,
1739 5227 1795 5291 iarn
1810 5229 1857 5280 ali·
1917 5249 1949 5292 25

1034 5313 1114 5364 quem
1136 5295 1276 5348 interdum
1294 5313 1342 5365 pro
1363 5299 1420 5352 riso
1441 5311 1577 5370 reputare,
1596 5323 1674 5374 quern
1694 5321 1779 5362 tamen
1795 5329 1864 5365 rnor-

1037 5391 1110 5434 tuum
1131 5399 1204 5447 erse,
1224 5393 1298 5435 certe
1318 5394 1430 5438 cunstat.
1451 5387 1497 5440 sic
1515 5391 1563 5458 qui
1582 5405 1630 5460 pro
1644 5394 1777 5463 republica
1797 5399 1866 5448 ceci·

1037 5462 1148 5523 derunt,
1172 5463 1199 5514 in
1220 5475 1381 5534 perpetuum
1401 5484 1448 5540 per
1465 5471 1577 5538 gloriam
1600 5475 1688 5528 414646
1707 5477 1862 5545 intelligan-

987 5567 991 5582 ·
1037 5557 1093 5608 tur,
1114 5549 1183 5614 juxta
1202 5565 1246 5618 pr.
1265 5550 1294 5604 in
1304 5547 1334 5618 f.
1353 5551 1416 5605 inst.
1436 5555 1612 5611 4166646464.
1631 5568 1680 5610 tot.
1701 5561 1742 5613 rel
1760 5577 1847 5617 coras.

1076 5630 1127 5686 Sed
1148 5649 1181 5685 ne
1201 5633 1276 5687 bisce
1294 5637 1361 5703 josto
1374 5637 1475 5693 diutius
1492 5642 1695 5707 inhaereamus,
1710 5655 1734 5698 et
1749 5647 1865 5705 ninnium
1922 5676 1953 5720 20

1037 5739 1053 5773 a
1072 5734 1152 5790 scopo
1171 5719 1324 5793 divagemur
1335 5761 1345 5790 ,
1366 5723 1557 5795 indicandum,
1576 5731 1604 5784 io
1625 5731 1673 5785 bac
1694 5733 1799 5806 physica
1829 5739 1867 5794 41-
