4236 6258
320 303 367 356 st·

263 403 312 458 'An
331 403 411 458 bodie
428 401 569 458 abundet?
586 421 614 456 n·
635 412 677 454 ιι.

267 491 339 541 (ιιιιιι
358 489 531 542 denunciatio
551 487 669 542 obtinuit
687 485 715 538 in
731 482 779 553 J'us
795 481 949 536 vocatione.
963 499 991 534 n.
1007 489 1049 531 ts.

264 577 312 628 An
327 572 409 625 bodie
422 569 605 638 interpellatio
619 568 660 621 rei
671 565 827 618 necessaria
839 565 895 619 sit?
906 583 932 615 n.
949 573 991 614 ts.
1004 577 1077 631 seqq.

264 657 407 711 clausula:
431 655 533 724 pluries
556 651 738 708 amicabiliter
759 649 944 724 interpellatus
967 657 1016 702 esa.
1039 664 1078 700 an

300 743 443 796 abundet?
461 759 489 793 ιι.
510 751 552 792 ιιι.
570 755 642 810 seqq.
660 756 686 789 ιι.
707 749 750 789 ιι.

263 827 399 880 Famula
411 835 534 878 veterum
546 821 627 877 bodie
636 835 819 890 supervacuae
831 815 917 872 sunt?
929 834 956 872 ιι.
969 825 1011 870 ιι.
1024 831 1079 888 seq.

263 913 339 965 neus
355 908 416 982 quis
431 907 490 961 sit?
506 927 534 961 ιι.
556 918 598 959 ιι.

266 995 409 1060 Quomodo
427 989 574 1046 satisdatio
593 990 734 1044 abundet?
751 1005 777 1040 ιι.
798 996 840 1038 ιι.

261 1077 398 1144 Caepallo
412 1083 548 1128 monstrat
555 1073 645 1144 iudici
654 1073 726 1127 uiam
740 1072 779 1126 ad
790 1067 938 1140 infernum.
953 1083 981 1119 ιι.
997 1074 1039 1118 ιι.

264 1163 395 1216 clausula
408 1157 605 1232 p'nnifiaataria
620 1175 657 1213 an
669 1153 809 1210 mandatis
821 1147 988 1207 inserenda?
1005 1167 1078 1206 num.

302 1254 346 1295 49.
365 1257 406 1297 to.

266 1325 382 1393 Quando
401 1325 477 1380 illius
494 1325 635 1379 clausulae
652 1319 791 1390 expressio
811 1316 952 1372 abundet?
970 1335 998 1370 ιι.
1018 1327 1060 1368 st.

262 1415 313 1466 An
327 1412 470 1476 impetrato
483 1410 615 1464 mandato
628 1425 688 1462 aum
702 1405 836 1468 clausula,
848 1401 927 1456 alissd
937 1402 996 1455 sine
1007 1402 1079 1456 clau·

300 1495 362 1548 sula
380 1495 436 1557 peti
448 1494 555 1564 possit?
573 1513 600 1546 ιι.
621 1503 662 1543 ιι.

268 1578 414 1632 Clausulo:
434 1579 506 1631 abne
525 1578 663 1646 Bnt5e1d5
679 1577 792 1645 quaudo
812 1571 953 1628 abundet?
971 1591 998 1624 n.
1018 1583 1061 1622 ιι.

264 1663 415 1718 clausula.-
433 1662 460 1713 si
475 1679 569 1733 preces
585 1663 703 1716 veritate
721 1659 859 1714 nitantur:
880 1677 917 1711 an
938 1654 1081 1710 abundet?

302 1763 329 1795 n.
351 1756 392 1798 st.
409 1765 483 1817 seqq.

269 1832 397 1886 caudina
417 1829 572 1886 indubitato
594 1827 710 1885 babetur
723 1843 772 1896 pro
791 1842 966 1898 superuacua.
986 1843 1013 1875 n.
1033 1836 1075 1875 ιι.

266 1917 395 1970 acuatu
412 1915 496 1968 solcis
514 1912 720 1983 ecceptionibus
737 1921 787 1965 etc.
805 1929 842 1966 an
861 1909 980 1964 abundet
992 1927 1021 1960 ιι.
1037 1920 1080 1963 ιι.

265 2000 310 2052 De
326 1998 549 2064 procuratoribus
567 2008 592 2049 et
610 1996 758 2050 aduocatis.
772 2014 800 2048 ιι.
815 2007 860 2048 ιι.
871 2012 942 2066 seqq.

269 2081 435 2136 Mandatum
454 2083 563 2153 quondo
583 2079 723 2133 abundet?
740 2095 766 2128 ιι.
786 2089 826 2134 ιι.

267 2167 411 2218 Clausala:
431 2175 461 2218 ut
477 2187 495 2219 a
514 2181 598 2220 causa
617 2163 737 2216 recedere
753 2160 850 2226 liceat,
863 2161 890 2214 si
903 2157 1081 2232 injustnsue-

305 2249 354 2313 rit,
368 2249 498 2302 abundat.
518 2269 545 2302 n.
566 2261 608 2301 ιι.

266 2333 397 2385 Clausala
408 2334 464 2384 rati
481 2351 518 2385 an
539 2329 679 2384 abundet?
697 2349 724 2382 n·
747 2341 787 2383 ιι.

265 2417 416 2470 Ctuusuta:
434 2434 495 2469 cum
514 2417 599 2468 libera
617 2427 668 2466 eet.
686 2433 722 2465 an
742 2413 885 2466 abundet?
904 2431 930 2463 ιι.
951 2423 993 2463 ιι.

265 2501 415 2556 Clartsulu:
434 2499 562 2571 quicquid
579 2517 636 2550 meo
656 2498 761 2551 nomin.
778 2507 828 2552 etc.
846 2497 976 2551 abundat.
996 2517 1022 2552 n.
1035 2509 1081 2550 rt.

267 2584 380 2637 Cauteln
400 2585 501 2638 abund.
519 2593 572 2648 est,
589 2583 701 2654 singula
720 2583 748 2635 in
769 2581 901 2636 mandato
921 2581 1080 2650 exprimere.

302 2685 328 2719 n.
349 2679 392 2717 li·

264 2751 312 2802 An
330 2751 462 2802 aduocato
479 2748 632 2819 specialiter
648 2745 856 2818 appellationem
875 2745 1008 2801 mandare
1032 2749 1081 2802 ab·

301 2831 407 2886 undet?
427 2852 454 2884 n·
475 2845 515 2885 ts.

263 2918 401 2969 Punctum
414 2917 446 2968 de
459 2927 525 2986 quot
542 2933 560 2968 a
577 2914 635 2968 litis
644 2929 845 2985 superuacuum
863 2924 890 2966 et
910 2914 1076 2986 ignominia.

301 3016 361 3050 sum
380 3010 428 3051 esi.
447 3017 474 3050 ιι.
496 3008 538 3050 ιι.

264 3084 365 3138 Cautio
385 3084 417 3135 de
434 3094 496 3136 rata
515 3083 624 3152 quando
644 3082 786 3137 obtendet?
802 3101 830 3137 ιι.
849 3095 891 3136 ιι.
914 3099 968 3152 seo.

266 3183 459 3300 Abundnntes
476 3250 546 3301 circa
564 3265 716 3320 processum
730 3252 858 3312 cautelas,
872 3259 897 3300 et
911 3265 976 3318 quur
987 3265 1076 3318 super·

264 3349 343 3380 rncnu
371 3333 424 3384 risa
448 3333 563 3397 luerint,
582 3334 747 3402 expositurus
765 3352 777 3383 a
797 3333 936 3402 personis,
956 3342 985 3384 ut
1001 3349 1077 3384 exor-

263 3413 344 3474 diar,
363 3431 530 3483 personarum
550 3432 610 3484 prae
629 3417 740 3467 caeteris
758 3415 835 3468 rebus
854 3415 980 3467 omnibus
999 3435 1076 3484 pruc-

263 3495 378 3557 rogatio
398 3497 483 3562 jubet:
504 3499 600 3567 quibus
614 3498 712 3550 deinde
731 3517 776 3564 en,
795 3516 861 3568 quae
874 3498 907 3548 nd
923 3499 981 3550 litis
995 3517 1078 3569 usque

264 3581 499 3644 contestationem,
521 3581 635 3650 indeque
657 3599 725 3651 quae
743 3581 773 3633 nd
794 3581 954 3634 sententium
975 3600 1076 3652 nsque,

264 3671 292 3712 et
310 3661 424 3730 denique
450 3680 515 3732 qnae
546 3675 604 3731 post
632 3665 791 3717 sententiam
813 3666 841 3716 in
860 3667 1029 3732 processibus
1048 3669 1077 3721 in

263 3747 374 3800 materia
391 3757 481 3799 nostra
501 3746 635 3800 tractanda
653 3757 809 3812 occurrent,
830 3748 1012 3816 subjicientur.

565 3914 614 3966 DE
632 3912 768 3969 sontes.

304 4081 377 4133 luter
402 4099 526 4150 personas
549 4083 632 4150 igitur
657 4080 787 4146 iudicium
809 4081 1001 4136 constituentes
1019 4085 1075 4154 pri-

265 4179 336 4214 murn
356 4165 407 4217 sibi
428 4168 512 4218 locum
533 4165 648 4218 vindicat
667 4165 761 4231 judea,
779 4165 824 4234 qni
843 4166 944 4232 judicio
963 4179 1076 4237 praeest,

265 4261 368 4297 causam
388 4249 539 4315 cognoscit,
558 4260 584 4299 et
602 4251 662 4314 jure
678 4244 793 4312 delinit,
811 4247 865 4302 rid.
883 4267 905 4302 c.
914 4247 1012 4318 sarus.
1035 4265 1075 4305 ιο.

263 4349 292 4381 n.
311 4335 344 4384 de
362 4350 390 4382 o.
411 4347 432 4383 s.
452 4332 469 4382 l.
490 4348 546 4385 rem
565 4350 622 4384 non
640 4349 750 4384 stacam.
772 4341 812 4382 tt.
830 4331 917 4398 princ.
933 4351 957 4384 n.
975 4335 1010 4386 rle
1030 4336 1075 4403 Ῐιι·

265 4417 317 4469 dic·
337 4415 425 4484 Cojac.
445 4420 474 4471 in
491 4428 582 4486 parat.
606 4435 628 4469 c.
653 4416 686 4468 sie
707 4414 791 4486 judic.
816 4417 962 4470 Hermann.
981 4421 1075 4487 Vultej.

262 4503 291 4553 in
311 4504 363 4572 ipe.
382 4523 450 4556 rom.
476 4505 519 4556 lib.
542 4515 565 4553 t.
583 4521 605 4556 c.
629 4515 651 4554 t.
670 4503 709 4556 lit.
740 4504 766 4556 b.
786 4512 879 4572 estque
903 4505 943 4557 sel
966 4504 1076 4557 ordina·

265 4587 321 4638 rius
339 4591 377 4640 rel
397 4587 641 4652 extraordinarium
662 4589 682 4639 l.
699 4587 853 4640 ordinarius
869 4599 924 4649 ιιι,
942 4589 976 4641 de
991 4607 1046 4659 pua
1058 4599 1076 4640 t.

264 4682 282 4722 t.
302 4691 331 4724 x.
351 4673 384 4725 de
403 4669 480 4743 offic.
498 4673 587 4724 ordin.
603 4673 648 4742 qui
670 4674 726 4736 jure
745 4689 806 4736 suo,
820 4673 838 4722 l·
850 4689 926 4725 neore
938 4674 1076 4742 maiarum

265 4769 287 4808 t.
297 4755 338 4825 Ι
356 4757 388 4810 de
402 4757 500 4826 jurisd.
525 4759 563 4807 ιιι
592 4755 723 4826 principis
747 4751 892 4816 beneficio,
914 4756 930 4806 l.
950 4776 967 4810 a
984 4755 1076 4824 iudice

265 4853 288 4892 ι.
307 4841 336 4894 in
346 4842 403 4912 fin.
422 4861 445 4895 c.
465 4842 497 4893 de
512 4841 594 4910 judic.
615 4840 632 4892 l.
652 4849 678 4890 et
694 4837 759 4907 quia
779 4851 802 4890 ι.
820 4836 853 4904 Ιῖ
872 4839 904 4890 de
919 4837 1017 4906 jurisd.
1037 4842 1077 4894 rel

265 4945 278 4976 a
299 4927 369 4995 lege,
390 4926 415 4978 ιι.
435 4927 452 4976 l.
471 4935 497 4978 et
515 4923 579 4994 quia
601 4936 625 4975 ι.
635 4919 675 4990 Ι
692 4925 725 4976 de
740 4921 835 4990 iurisd.
854 4923 894 4974 rel
914 4922 1075 4975 unirentu-

266 5019 306 5073 te,
327 5011 403 5079 Spec.
423 5010 441 5062 l.
463 5023 485 5060 ι.
503 5009 542 5060 ιιι.
561 5009 594 5059 cle
611 5003 689 5076 offic.
709 5005 770 5060 ard.
790 5011 811 5067 ι.
831 5015 855 5052 s.
874 5023 901 5057 ιι.
925 5017 947 5058 t·
961 5006 1078 5057 relcnn·

265 5095 412 5156 suetudine,
436 5096 453 5145 l.
471 5111 530 5147 cum
547 5102 665 5160 praetor.
690 5100 731 5142 tt.
751 5085 774 5160 5.
796 5101 818 5140 t.
834 5085 868 5156 ff.
886 5089 921 5142 de
933 5087 1017 5155 predic.
1030 5086 1077 5140 iu·

265 5181 448 5231 risdictionem
474 5187 499 5229 et
526 5176 708 5245 plenissimam
734 5189 872 5226 cansarum
898 5173 1078 5242 cognitionem

266 5263 358 5314 hebet:
378 5265 439 5316 lob.
458 5261 570 5314 limeris.
589 5279 602 5312 a
623 5257 752 5310 Rosbach.
771 5255 798 5308 in
816 5273 931 5322 process.
948 5257 1024 5309 civil.
1037 5257 1078 5308 sit.

263 5359 289 5400 t.
308 5365 337 5398 n.
358 5359 380 5396 ι.
398 5345 555 5409 litantem,
574 5343 617 5412 (ι)
634 5341 739 5410 qtsanda
757 5341 922 5408 negotiorum
947 5341 1077 5394 universi·

265 5445 303 5487 tes
322 5448 368 5500 per
387 5431 526 5482 habentem
547 5437 702 5497 potestatem
727 5424 888 5478 muuetlendi
911 5425 1076 5478 ordinariam

265 5519 475 5587 jurisdictionem
502 5515 582 5564 elicui
610 5510 803 5576 committitur,
830 5509 998 5571 ordinarius,
1023 5507 1076 5560 uisi

268 5601 431 5652 contrarium
452 5613 575 5668 expresse
594 5596 693 5646 dictum
712 5593 810 5658 luerit,
829 5601 931 5644 crestssa
948 5601 1077 5654 ιιιιιιιιιι,

267 5686 366 5743 liestol.
382 5685 409 5737 in
424 5685 450 5737 d·
463 5685 480 5736 l.
494 5699 569 5734 usore
582 5679 727 5751 majarum·
749 5689 773 5729 ι.
792 5695 820 5729 n.
840 5688 865 5728 ι.
872 5673 913 5744 Ι
929 5674 964 5728 de
975 5673 1075 5742 jube.

888 295 1080 357 otseU'ttr.
1099 293 1148 350 ιιι.
1167 294 1286 352 otrus
1299 299 1324 352 1.

1840 295 1889 350 ibt

1128 393 1197 446 ltob.
1216 395 1331 448 blarant.
1356 393 1385 447 in
1400 408 1472 463 spes·
1492 403 1567 466 part.
1595 402 1619 446 t.
1646 393 1708 450 t‘ut.
1733 407 1758 448 ι.
1782 413 1813 448 ιι.
1839 404 1864 445 ι.
1888 394 1942 450 rid.

1130 481 1237 551 Speenl.
1255 481 1302 534 lib.
1323 493 1345 534 ι.
1363 482 1403 534 tit.
1429 481 1463 534 de
1483 479 1563 554 offic.
1587 483 1678 536 ordin.
1696 490 1718 545 ς.
1739 494 1763 534 t.
1798 499 1826 534 n.
1853 493 1876 534 t.
1901 483 1942 534 lta

1128 564 1263 615 clausula:
1290 561 1465 618 ordinariam
1496 565 1549 633 ipsi
1572 565 1758 636 jurisdicendi
1778 575 1945 636 potestatem

1127 646 1263 715 eanfirri:
1283 647 1311 698 in
1330 647 1530 718 jurisdictionis
1549 650 1718 705 concessione
1737 651 1837 704 cautela
1862 651 1946 704 abon-

1128 729 1193 780 duns
1211 740 1267 794 est;
1286 747 1317 781 ea
1341 730 1429 796 enim,
1447 748 1514 800 qnae
1533 731 1612 784 tacite
1629 731 1761 794 veniunt,
1781 747 1944 802 supervacuo

1128 811 1329 880 exprimuntur,
1354 829 1408 880 per
1423 810 1442 862 l.
1462 823 1485 863 ι.
1514 819 1537 874 ς.
1561 824 1604 865 to.
1618 811 1660 882 Ι.
1684 814 1718 868 ιιι
1739 823 1811 884 poet.
1838 815 1859 868 ι,
1883 831 1945 868 ων.

1128 895 1223 948 nelius.
1244 909 1286 948 ιι.
1295 888 1337 964 Ι
1358 896 1391 948 de
1416 895 1526 950 baered·
1546 895 1633 950 instit.
1651 898 1669 950 l.
1692 898 1844 967 quaesitum
1871 911 1896 951 ι.
1923 905 1947 960 ς.

1129 978 1307 1049 Pomponius.
1330 989 1353 1032 ι.
1361 975 1403 1048 Ι.
1420 981 1453 1034 de
1471 981 1547 1033 ιιιιιι.
1564 981 1674 1050 pignar.
1687 999 1712 1033 o.
1726 979 1884 1048 occepimus.
1906 991 1948 1032 ts.

1128 1083 1158 1118 sc.
1176 1065 1309 1119 decelat.
1327 1075 1354 1118 et
1372 1063 1467 1134 qualit.
1484 1063 1526 1135 (ι)
1551 1063 1581 1118 si
1603 1065 1695 1134 plnres
1719 1064 1851 1119 ordinarii
1872 1066 1948 1134 jndi-
2006 1086 2022 1128 ς

1128 1167 1170 1204 ιιι
1182 1150 1322 1204 constituti
1334 1150 1449 1214 inerint,
1463 1149 1640 1202 necesnrinm
1661 1166 1713 1200 non
1732 1158 1790 1216 est,
1807 1161 1836 1204 ut
1853 1169 1949 1204 omnes

1129 1233 1209 1289 simul
1230 1234 1262 1289 de
1280 1237 1375 1287 eadem
1393 1251 1468 1287 onusa
1486 1241 1653 1302 cognoscant,
1667 1234 1715 1284 sed
1735 1233 1862 1285 clausula:
1875 1233 1951 1304 quod

1127 1317 1283 1371 altersolus
1293 1317 1395 1388 possit:
1407 1316 1564 1370 eorumdem
1576 1315 1762 1370 constitutioni
1777 1319 1855 1369 tacite
1866 1317 1950 1383 inest,

1128 1404 1152 1455 si
1172 1412 1259 1455 tamen
1277 1419 1310 1453 ex
1329 1400 1477 1454 abundanti
1496 1417 1589 1453 ornnes
1611 1414 1769 1468 cognoscere
1793 1401 1950 1469 meprrint,

1128 1487 1195 1539 ulter
1214 1486 1273 1538 elne
1290 1487 1373 1538 ulcero
1399 1483 1534 1553 juliense,
1554 1493 1581 1535 et
1599 1483 1759 1536 sententiaro
1779 1484 1870 1536 dicere
1894 1502 1951 1536 nnn

1129 1580 1222 1639 potest.
1240 1569 1309 1624 Cels.
1325 1569 1403 1638 Engo
1423 1567 1521 1620 Dissut·
1539 1577 1620 1619 tract.
1645 1566 1730 1620 elates.
1749 1566 1789 1618 tit.
1809 1569 1842 1620 de
1860 1568 1950 1621 olous.

1129 1672 1209 1708 rescr.
1226 1653 1317 1708 uersis.
1336 1651 1461 1705 clausula
1480 1650 1554 1721 quod
1579 1649 1652 1704 alter
1674 1649 1759 1702 solus.
1791 1660 1849 1702 ιιι.
1872 1649 1952 1720 Spes.

1128 1741 1174 1794 lib.
1194 1751 1218 1790 t.
1237 1739 1276 1792 tit.
1294 1738 1328 1791 de
1344 1747 1462 1790 sentent.
1498 1773 1505 1788 .
1526 1747 1550 1786 ι.
1570 1753 1601 1786 ιι.
1622 1746 1646 1786 ι.

1163 1823 1198 1876 ll.
1215 1824 1302 1876 ludex
1319 1819 1545 1874 extraordinarius
1563 1828 1618 1883 est,
1638 1817 1685 1887 qui
1703 1817 1827 1879 alterius,
1844 1829 1873 1874 et
1884 1819 1948 1889 qni·

1129 1913 1190 1966 dem
1208 1913 1248 1965 rel
1266 1909 1387 1982 publicae
1405 1908 1444 1960 ιιι
1462 1906 1580 1976 privatae
1594 1919 1722 1975 personae
1735 1898 1865 1956 beneficio
1880 1901 1952 1976 judi-

1129 2006 1185 2061 cat,
1202 1996 1246 2066 (ι)
1265 1995 1404 2057 Publicae,
1431 2001 1461 2043 ut
1481 1989 1631 2058 delegatus,
1661 1987 1693 2040 de
1719 2005 1772 2055 quo
1792 1995 1810 2037 t.
1830 1985 1901 2053 tffi
1918 1987 1954 2040 de

1128 2078 1204 2152 offic.
1223 2081 1256 2150 η’.
1276 2079 1322 2134 cui
1338 2077 1430 2130 mnnd.
1449 2083 1488 2126 est
1501 2071 1639 2142 jurisdict.
1658 2080 1684 2123 et
1703 2079 1723 2122 t.
1740 2088 1769 2122 sc.
1789 2070 1821 2122 de
1834 2066 1911 2141 offic.
1925 2080 1954 2122 et

1126 2175 1221 2235 potest.
1236 2163 1295 2234 jud.
1314 2163 1400 2228 delen.
1422 2159 1495 2230 Spec-
1513 2157 1559 2209 lib·
1581 2167 1603 2207 t.
1622 2153 1662 2206 sin
1677 2151 1709 2204 de
1717 2152 1805 2222 judic.
1823 2153 1909 2222 deleg.
1925 2163 1954 2207 ιι

1129 2246 1261 2313 pedaneus
1278 2244 1366 2312 juna.
1385 2241 1416 2294 de
1435 2257 1489 2309 quo
1507 2241 1567 2290 t.'c.
1588 2233 1884 2306 tepescentium)
1900 2235 1954 2288 ιιι·

1131 2331 1212 2399 legato
1228 2327 1383 2398 quandoque
1400 2335 1498 2380 eertum
1520 2331 1624 2390 tempus
1643 2321 1676 2372 de
1694 2320 1809 2386 negotiis
1823 2319 1955 2374 inundatis

1130 2413 1302 2484 cognoscendi
1323 2407 1496 2464 determinari
1516 2410 1599 2470 solet,
1619 2404 1779 2457 Gotboired.
1799 2404 1826 2455 in
1842 2405 1860 2456 l.
1874 2405 1902 2456 si
1908 2406 1955 2474 p'u·

1130 2498 1193 2552 den.
1215 2509 1258 2552 st.
1275 2497 1351 2550 verb.
1368 2493 1415 2547 cui
1430 2503 1511 2545 ιιιιιι.
1520 2487 1562 2558 Ι
1582 2491 1617 2542 de
1630 2489 1714 2557 jutta
1733 2490 1756 2540 si
1771 2505 1832 2542 sero
1847 2489 1956 2540 interea

1129 2583 1282 2645 defunctus,
1301 2591 1329 2633 et
1345 2580 1412 2630 alius
1432 2578 1562 2629 inlocum
1578 2575 1664 2644 ipsius
1678 2573 1756 2624 datus
1771 2571 1863 2634 luerit,
1879 2581 1959 2624 tanta

1128 2685 1160 2720 ex
1178 2669 1283 2734 integro
1301 2677 1420 2734 tempora
1440 2661 1468 2713 in
1488 2660 1566 2725 huius
1584 2673 1704 2726 quaque,
1722 2667 1818 2724 cruenta
1834 2656 1862 2706 in
1879 2671 1959 2725 prae·

1129 2749 1273 2804 decessoris
1290 2749 1330 2798 sui
1352 2761 1465 2816 persona
1483 2741 1636 2812 praestituta
1658 2739 1861 2805 intelliguntur,
1876 2739 1953 2792 ideo·

1128 2852 1181 2905 que
1198 2830 1335 2886 abundans
1352 2830 1449 2884 cautela
1468 2837 1524 2889 est,
1543 2836 1573 2879 ut
1591 2824 1760 2890 magistratus
1786 2823 1835 2874 hoc
1862 2824 1953 2876 norni-

1128 2919 1212 2969 uatim
1229 2917 1257 2968 in
1277 2914 1412 2983 sequentis
1429 2912 1540 2964 datiane
1559 2909 1708 2980 exprimat,
1726 2916 1794 2960 teet.
1820 2906 1849 2960 in
1879 2907 1899 2959 l.
1923 2907 1954 2962 si

1122 3000 1218 3069 iudea.
1238 3009 1279 3052 ιι.
1288 2996 1331 3066 Ι
1350 2997 1383 3050 de
1396 2996 1480 3066 judic.
1491 2995 1535 3066 (ι)
1548 2993 1696 3056 Pedaueus,
1709 2991 1754 3062 qni
1770 2991 1954 3043 humiliorum

1126 3101 1262 3140 causarum
1283 3082 1444 3151 disceptator
1461 3091 1516 3146 est,
1535 3079 1553 3132 l.
1576 3092 1600 3130 ι.
1628 3095 1652 3129 c.
1676 3077 1710 3130 de
1734 3075 1837 3142 pedon.
1860 3075 1950 3144 judic.

1127 3171 1167 3222 rel
1186 3190 1200 3221 a
1219 3171 1356 3238 principe,
1374 3167 1465 3234 colleg.
1483 3176 1582 3233 urgent.
1601 3164 1645 3215 lib.
1666 3175 1689 3215 ι.
1708 3162 1749 3215 tit.
1773 3173 1794 3210 t.
1817 3161 1856 3212 ιιι.
1890 3173 1951 3212 ιιι.

1125 3253 1166 3304 ιιι
1183 3271 1197 3305 ι
1216 3254 1371 3323 promnsole
1391 3250 1445 3302 sive
1466 3249 1631 3304 moslemtorc
1649 3245 1802 3319 provinciae
1816 3245 1945 3299 constitui

1126 3335 1242 3400 solebat,
1261 3335 1279 3386 l.
1298 3335 1345 3388 ult.
1365 3351 1389 3388 c.
1406 3333 1545 3404 depedun.
1553 3333 1639 3402 judic.
1654 3331 1772 3400 exceptis
1785 3331 1945 3400 quibusdum

1128 3419 1256 3488 negotiis,
1272 3415 1405 3488 inquibus
1425 3415 1616 3468 moderatorem
1636 3413 1787 3482 provinciae
1806 3423 1948 3482 expectare

1126 3499 1288 3572 superfluum
1307 3512 1372 3562 erat,
1392 3501 1504 3569 ideoque
1524 3499 1688 3570 praesidibus
1703 3497 1855 3567 provinciae
1867 3515 1946 3548 ιιιιιι-

1126 3583 1187 3635 dem
1206 3581 1385 3635 constituendi
1405 3592 1521 3652 potestas
1540 3581 1597 3634 data
1618 3582 1714 3649 legitur
1733 3580 1760 3632 d.
1779 3581 1797 3631 l.
1817 3581 1903 3634 ultim.
1917 3597 1944 3632 e.

1125 3665 1373 3735 depednn.1'1tdic.
1391 3664 1433 3736 (ι)
1452 3666 1490 3719 Ea
1510 3668 1672 3737 privatarum
1700 3679 1871 3734 personatum
1897 3681 1946 3718 ro·

1128 3753 1230 3805 luntute
1248 3752 1327 3820 judex
1347 3761 1386 3803 est
1405 3763 1577 3820 prorogatus,
1595 3761 1622 3804 et
1640 3751 1756 3806 arbiters
1771 3749 1846 3801 illius
1864 3750 1951 3818 (t)ut

1126 3833 1289 3901 jurisdictio,
1308 3851 1367 3886 cum
1385 3835 1484 3904 alioqui
1504 3835 1689 3903 innsmpetens
1714 3841 1801 3896 esset,
1828 3831 1856 3883 in
1891 3835 1949 3885 sola

1127 3917 1225 3984 seipsi
1245 3915 1447 3982 subjicientium
1466 3919 1598 3970 voluntate
1616 3916 1758 3976 lundatur,
1777 3916 1796 3966 l.
1820 3927 1841 3966 t.
1851 3912 1893 3984 Ι.
1916 3919 1951 3971 de

1122 3997 1206 4065 judic.
1223 3995 1326 4068 confer.
1345 3998 1411 4070 disp.
1428 4001 1516 4066 primu
1535 4001 1568 4054 de
1584 4000 1640 4069 jur.
1658 3999 1773 4071 supeffl.
1785 4017 1849 4068 cap.
1869 4010 1894 4050 ι.
1916 4021 1948 4054 ιι.

1128 4091 1169 4131 ιι.
1189 4081 1222 4134 ita
1240 4097 1380 4134 musensus
1399 4081 1524 4136 abundat.
1544 4085 1562 4136 l.
1584 4096 1608 4134 ι.
1627 4091 1649 4146 ς.
1681 4097 1703 4136 ι.
1725 4101 1784 4153 arg.
1803 4083 1821 4136 l.
1842 4096 1885 4136 ιι.
1902 4105 1946 4154 pr.

1125 4180 1196 4217 vers.
1214 4183 1300 4234 neque
1317 4166 1398 4218 enim.
1407 4163 1449 4232 Ι.
1468 4167 1503 4220 de
1515 4165 1600 4236 judic.
1622 4166 1694 4218 Gall.
1718 4177 1739 4216 ι.
1754 4166 1811 4218 abs·
1827 4175 1859 4219 to
1875 4187 1904 4220 n.
1923 4181 1947 4221 t.

1124 4247 1202 4313 adeo,
1222 4259 1269 4313 ut,
1288 4251 1310 4302 si
1331 4249 1430 4318 privati
1450 4249 1478 4300 in
1498 4250 1720 4320 incompetentem
1740 4249 1858 4314 judicem
1879 4269 1946 4304 con·

1125 4334 1262 4397 sentiant,
1278 4333 1321 4384 bic
1341 4351 1401 4388 sero
1418 4351 1462 4386 eoa
1481 4335 1648 4387 consensisse
1666 4333 1792 4401 ignoret,
1818 4313 1949 4404 secernique

1126 4502 1192 4554 tiurn
1210 4511 1268 4553 orta
1288 4501 1438 4569 jurisdictio
1456 4502 1541 4572 ipsius
1572 4517 1663 4554 ιιιιιιι
1693 4517 1747 4554 non
1774 4501 1901 4566 vitietur,
1926 4503 1946 4554 l.

1126 4587 1300 4640 consensisse.
1319 4598 1346 4639 ι.
1364 4595 1386 4648 ς.
1404 4587 1557 4640 conuenire.
1579 4599 1603 4641 ι.
1610 4585 1653 4654 ff
1672 4587 1705 4640 de
1718 4585 1803 4655 judic·
1824 4586 1947 4642 Censen

1126 4687 1183 4723 sum
1202 4679 1289 4722 antem
1308 4667 1351 4741 (ι)
1368 4669 1501 4723 declarare
1518 4681 1605 4741 partes
1622 4671 1724 4735 solent,
1746 4669 1789 4738 (a)
1814 4671 1856 4724 rel
1882 4672 1944 4742 ipso
2009 4665 2040 4711 ¹⁰

1127 4754 1208 4818 lectos
1234 4755 1315 4807 reluti
1336 4755 1357 4806 si
1378 4770 1465 4807 aarum
1493 4754 1695 4824 incompetente
1721 4753 1809 4820 judice
1834 4771 1944 4826 essrnpe-
2106 4749 2107 4772 ¹

1126 4847 1218 4904 ceant,
1236 4839 1352 4892 iobunn.
1372 4837 1460 4890 Emer.
1478 4857 1493 4890 ιι
1514 4835 1643 4892 limbach.
1655 4853 1739 4904 prae.
1753 4837 1829 4892 civil.
1842 4839 1884 4892 tit.
1901 4851 1943 4892 ιι.

1127 4941 1153 4976 ιι.
1176 4935 1216 4974 ιι.
1234 4939 1285 4974 non
1303 4923 1423 4993 apposita
1442 4923 1599 4992 exceptione
1625 4922 1815 4989 declinatorie,
1839 4940 1898 4994 arg.
1926 4925 1946 4975 l.

1128 5009 1174 5061 uts.
1192 5025 1214 5061 ι.
1232 5009 1266 5060 ιιι
1283 5017 1385 5076 eacept.
1403 5009 1443 5060 rel
1462 5007 1560 5078 vulgari
1575 5007 1782 5075 protestatione:
1796 5023 1945 5075 campaneo

1126 5107 1219 5146 coram
1237 5091 1317 5142 vobis
1334 5091 1363 5144 in
1381 5091 1498 5146 termino
1513 5091 1658 5162 praefixo,
1678 5102 1800 5144 attamen
1826 5109 1882 5144 nan
1899 5091 1946 5144 in·

1127 5175 1222 5238 tendo,
1238 5193 1287 5243 per
1303 5175 1376 5226 bone
1400 5173 1634 5242 comparutionem
1660 5171 1688 5228 in
1719 5172 1945 5240 iurisdictionem

1126 5265 1247 5310 uestram
1265 5255 1431 5318 consentire,
1451 5256 1507 5310 nisi
1529 5267 1664 5325 quatenus
1691 5254 1724 5307 de
1746 5253 1809 5324 p'ure
1834 5265 1946 5308 tenear:

1126 5341 1179 5394 Mil
1190 5341 1238 5392 der
1248 5342 1471 5395 ausdrucllicben
1492 5341 1717 5410 Varbedingung,
1732 5339 1797 5392 dass
1813 5355 1844 5390 er
1861 5339 1947 5392 durclt

1125 5425 1182 5479 rein
1206 5427 1370 5480 Ειιιιιιίιιιιι
1391 5426 1465 5490 lbos,
1484 5427 1546 5480 elem
1566 5425 1690 5488 ilielner,
1709 5425 1766 5477 und
1779 5423 1873 5478 dessen
1892 5422 1947 5476 Ge·

1125 5509 1326 5578 netis-caan,
1344 5509 1417 5564 nicin
1435 5511 1542 5574 sveiter,
1561 5511 1604 5560 als
1620 5527 1653 5564 er
1669 5527 1722 5562 oon
1749 5496 1941 5576 lleclttsnregen

1127 5611 1162 5647 ιιι
1185 5595 1251 5647 ιιιιιιι
1279 5595 1421 5664 sebuldig,
1450 5613 1484 5648 eu
1515 5595 1625 5665 geleben
1656 5591 1714 5646 ιιιιιι
1742 5591 1946 5662 einsuwilllpen

1124 5678 1273 5748 geminet,-
1289 5697 1354 5750 quae
1370 5699 1385 5734 a
1404 5683 1569 5736 coutumacia
1587 5679 1694 5752 quidem
1714 5689 1834 5744 excusat.
1845 5689 1872 5732 et
1884 5693 1949 5729 can-
