4282 6274
213 313 279 369 ttqq
387 253 391 264 ¹
770 281 975 340 successus
993 279 1232 340 suntcranms.
1732 283 1799 354 up

152 390 324 450 muriemnari
343 388 372 442 in
390 386 441 442 buc
460 383 565 438 enimse
589 383 711 456 juncto,
735 391 763 436 et
785 401 839 452 quo
857 383 976 434 sanctius
1030 391 1119 448 prnct·
1131 381 1267 434 srrbnexu.
1278 376 1346 432 Nam
1360 378 1422 438 lieet
1432 389 1569 448 processus
1579 373 1784 447 inquisitoribus
1796 393 1854 448 pos-

153 489 233 548 etque
252 475 378 544 integrius
404 473 432 526 iu
451 470 561 540 judiciis
579 469 750 522 contentiosis
777 475 913 520 rersautur
930 464 976 533 qui
1028 461 1777 531 sitsumruariterinstitui,sicausaquodamusodusit
1797 463 1852 514 esi·

153 563 193 616 sd
212 566 289 616 illum
312 563 400 616 corilus
426 558 523 612 mentis
550 555 701 609 identidem
726 552 888 615 reflectunt,
913 551 973 619 pio·
1031 549 1116 613 deris,
1137 551 1305 617 maximaque
1323 567 1352 602 ec
1372 550 1526 620 grauissima
1546 547 1646 598 iudicia
1664 556 1756 598 contra
1776 561 1851 598 rcum

155 663 209 720 que
231 649 343 702 horrore
368 644 590 698 contremiscunt.
617 639 720 692 lduiroo
746 654 780 689 ne
810 635 871 706 quis
894 632 974 686 iscile
1029 636 1199 700 prostent,uti
1213 633 1365 702 accipiendo
1376 647 1414 688 est
1426 635 1443 686 l.
1457 633 1523 686 urdo
1538 642 1561 682 8.
1565 628 1604 699 ff
1618 631 1648 684 de
1657 630 1754 698 public.
1763 631 1851 698 judie.

155 741 187 794 qn
215 759 246 794 ω
270 739 470 802 mmmm,
496 735 605 789 ,mnas
637 733 773 799 „egnum
802 730 875 800 qum
901 745 976 782 ,unm
1031 718 1070 768 rel
1086 718 1107 768 si
1122 719 1202 770 ctiam
1220 719 1252 768 de
1265 717 1426 770 criminibus
1446 716 1590 770 lesiurilurs
1603 727 1690 784 agatur
1703 715 1721 765 l.
1734 716 1807 769 levio
1827 729 1852 764 e.

155 820 276 875 sewun,
300 816 443 892 ponpffioe,
461 827 487 870 ,p
504 819 573 886 imp,
591 817 712 870 „noum
735 814 901 869 conduma,
924 814 978 865 vg.
1018 797 1060 867 ff.
1079 800 1112 851 de
1130 809 1249 852 aecrssnt.
1269 810 1354 852 tamen
1373 800 1398 852 si
1417 800 1450 851 de
1468 799 1582 850 erimine
1600 809 1627 849 et
1645 799 1701 865 ejus
1718 799 1852 868 qualitati-

153 919 217 956 Μ
241 905 314 957 „qm
342 919 422 967 mo,
448 919 512 956 „um
529 903 590 971 quq,
614 917 662 971 p„
685 901 775 954 omns,
803 897 978 952 comesturi„
1029 884 1162 947 bus,uon
1175 882 1240 934 adeo
1251 893 1369 946 constet,
1390 899 1519 950 causaque
1531 882 1844 950 sitaltiorisinrlugiuis,

156 991 217 1040 m„
236 998 306 1040 „epe
324 989 462 1051 mmuh„
486 997 513 1039 ,ι
537 987 565 1039 in
592 985 650 1040 pom
668 988 717 1039 ppo
736 987 843 1038 immo
871 999 976 1052 ,emper
1026 965 1092 1034 quin
1111 966 1250 1018 ordinario
1269 983 1393 1036 processu
1412 967 1554 1036 inquisitio
1572 969 1606 1019 sit
1624 963 1780 1030 tructuuda,
1799 983 1848 1018 es·

156 1080 228 1126 tutus
241 1071 347 1134 eradat,
365 1072 411 1141 qui
430 1073 472 1123 ris
489 1071 687 1138 cunonistsrum
707 1071 825 1133 incedit,
839 1068 872 1122 de
883 1085 914 1122 eo
926 1083 973 1136 ego
1027 1059 1066 1102 “⁸
1084 1048 1195 1102 dubium
1216 1051 1330 1120 P⁰⁵i¹¹¹¹⁰
1350 1051 1440 1120 iudieo
1458 1051 1474 1102 i·
1495 1051 1650 1102 mmmm
1667 1047 1742 1116 ³·ff·
1756 1051 1788 1102 ‘i‘
1801 1069 1848 1104 ⁰⁶·

154 1155 327 1208 seltementer
344 1154 444 1206 dubito.
465 1155 589 1222 Quippe,
607 1164 668 1206 suut
684 1153 827 1222 quaedam,
840 1167 906 1222 qnae
923 1151 974 1203 mi-
1026 1149 1080 1186 Μ·
1099 1136 1118 1187 ²·
1140 1147 1181 1188 ¹³·
1199 1146 1225 1187 θ’
1244 1136 1262 1186 1·
1283 1148 1325 1188 ³⁸·
1342 1154 1366 1188 ⁶·
1384 1133 1424 1189 Μ
1437 1134 1490 1202 jot.
1507 1135 1541 1186 de
1559 1135 1643 1187 ‘uiui‘-
1668 1151 1728 1202 ΝΡ·
1757 1145 1796 1186 ¹⁷·
1816 1143 1844 1186 θ’

155 1255 207 1292 uus
224 1249 296 1290 recte
308 1233 367 1291 sese'
380 1239 497 1300 hahent,
512 1248 538 1290 et
549 1254 663 1307 quorum
683 1237 842 1303 injustitiam
862 1253 973 1304 sequen·
1024 1235 1094 1288 ΜΝ·
1109 1231 1135 1271 ‘i
1147 1239 1169 1272 ⁶·
1185 1230 1228 1270 ²⁴·
1242 1221 1274 1272 ὅθ
1287 1230 1407 1272 ‘mm‘-
1428 1223 1494 1273 ³⁰⁸¹·
1512 1219 1642 1288 0¹‘i‘i0P-
1655 1229 1734 1273 ''W-
1746 1219 1779 1272 ‘i‘
1791 1239 1843 1290 ⁰1³·

156 1331 196 1376 tes
215 1321 341 1392 deinceps
359 1317 499 1391 pontifices
518 1322 773 1386 animadverterunt,
794 1332 824 1374 ut
843 1321 875 1373 de
894 1337 975 1372 censu
1023 1303 1085 1367 ΜΗ·
1104 1303 1133 1354 ⁸7²
1152 1301 1259 1356 Wlfflin·
1271 1323 1288 1356 ⁰
1301 1321 1327 1354 ¹²·
1343 1313 1386 1353 ⁴²·
1399 1318 1484 1372 ”³9⁸0
1496 1301 1535 1354 “d
1553 1321 1581 1354 η·
1603 1316 1644 1353 ⁶⁵·
1658 1303 1711 1354 Μ
1726 1303 1788 1355 *³²⁸⁰
1808 1304 1845 1354 5¹⁸

154 1406 332 1460 „nmmum
356 1407 513 1476 mmmqq,
534 1407 580 1475 quq
600 1423 647 1476 p„-
666 1405 769 1458 nunu„
793 1403 836 1456 pp
856 1407 886 1456 v·
907 1419 975 1456 „mo
1028 1404 1188 1440 memorasse
1206 1383 1338 1452 sufficiun
1357 1404 1421 1438 nuru
1439 1387 1563 1458 pluribus
1581 1403 1611 1438 ea
1628 1388 1751 1456 persequi
1773 1389 1850 1454 hujus

158 1501 235 1542 tete·
255 1490 354 1542 editarn
373 1490 511 1557 abrogatus
528 1501 584 1555 est,
603 1491 770 1542 demonstrat
787 1487 945 1540 Frsutsltius
957 1486 974 1539 l.
1027 1469 1140 1525 s⁰f¹²⁵³⁰
1159 1473 1211 1525 ¹⁰⁰5
1232 1489 1285 1526 ¹¹0⁰
1306 1482 1363 1536 ⁰⁸²2
1384 1488 1433 1525 ¹¹⁸⁰
1452 1473 1564 1524 &illitum
1586 1472 1685 1522 901·ῑῦῑῦ
1704 1473 1753 1523 ¹⁶⁸⁰
1771 1473 1802 1523 ‘¹0
1822 1487 1849 1522 ¹¹⁶

164 1585 187 1626 t.
206 1576 285 1628 resol.
303 1587 324 1628 t.
338 1595 367 1628 n.
389 1587 430 1628 tt.
448 1591 521 1646 seqq·
540 1575 581 1628 De
598 1577 659 1628 aliis
678 1574 797 1626 absolute
813 1582 840 1626 et
859 1573 887 1622 in
907 1571 975 1624 tbesi
1027 1558 1175 1626 00’ΒΡῙΙΞΙΝΞ
1193 1559 1232 1612 Νι
1251 1557 1329 1610 ἸΝθ
1346 1568 1421 1609 ”⁰⁸²
1433 1593 1440 1621 r
1454 1557 1493 1610 ἘΙ
1505 1555 1648 1608 diubuldi·

156 1655 327 1727 disponitur,
353 1675 420 1727 quae
439 1667 526 1710 tumen
546 1667 639 1710 natura
657 1673 703 1709 sna
721 1655 903 1708 indifferentis
930 1655 975 1707 bo·
1064 1641 1086 1706 §-
1106 1652 1149 1692 Π·
1167 1641 1311 1696 N0bi¹i¹³¹⁸
1333 1657 1413 1712 P⁰ff⁰
1432 1657 1485 1693 ¹¹⁰⁰
1506 1649 1607 1692 'mium
1633 1657 1681 1691 ⁰⁵¹¹
1705 1637 1777 1701 i0l'is
1802 1635 1849 1691 ⁵03

158 1745 272 1794 nitatem
283 1746 423 1812 quamdam
437 1761 466 1796 au
480 1745 621 1797 malitstem
636 1758 668 1794 ex
679 1741 857 1810 applicatione
869 1741 975 1793 demum

153 1824 312 1895 recipiunt,
339 1845 385 1880 ceu
410 1827 532 1896 exemplo
556 1843 696 1878 osururum
723 1827 773 1877 hoc
796 1824 911 1878 illustrat
929 1822 974 1874 dn.

154 1910 271 1979 ztegter.
285 1911 313 1963 in
328 1911 466 1964 dissertur.
478 1912 510 1964 de
523 1911 651 1965 multotru
664 1920 805 1963 contractu
818 1905 892 1978 confi
905 1909 975 1979 ep'rrs·

154 1995 221 2048 dem
244 1995 380 2050 dissertet.
399 1996 433 2050 de
450 1996 519 2067 orig.
538 2005 564 2048 et
580 1995 691 2048 increm.
703 1995 760 2064 jur·
778 2013 881 2048 conon.
900 2011 973 2045 cum-

154 2079 289 2133 messario
302 2081 340 2134 od
351 2081 435 2134 instit.
448 2079 570 2135 taranti.
580 2080 740 2148 praemisso.
761 2083 790 2134 ln
808 2077 870 2131 eliis
882 2095 896 2130 e
908 2097 972 2131 ouu-

154 2165 236 2218 trario
255 2165 339 2218 nimis
358 2165 474 2234 rigidum
489 2165 699 2236 deprehenditur
717 2165 784 2218 illud
801 2166 856 2233 jus,
869 2164 973 2234 etquod

152 2249 289 2318 scrupulus
308 2250 394 2319 potius
419 2251 591 2304 conscientiis
615 2250 742 2317 injiciet.
764 2267 844 2318 qnam
867 2249 973 2300 eosdem

150 2332 262 2386 eximat:
276 2333 303 2384 in
317 2351 429 2404 quorum
442 2350 549 2388 censum
563 2333 663 2388 referre
675 2335 797 2388 nonnulli
815 2334 901 2386 solent
913 2351 974 2386 usu·

149 2429 193 2466 ras
212 2415 357 2480 mentales,
376 2433 438 2483 quus
458 2428 567 2480 rucuut,
579 2419 683 2487 quaudo
703 2419 763 2486 quie
782 2419 919 2488 pecuniam
935 2421 972 2473 ai·

152 2497 206 2552 teri
226 2508 319 2552 mutuo
338 2497 412 2552 dedit
431 2499 480 2552 sub
505 2518 553 2572 spe
582 2501 664 2554 futuri
689 2502 801 2566 alicuius
825 2502 891 2554 lucri
910 2505 973 2557 citra

150 2582 230 2636 uliam
250 2583 452 2636 contentionem
473 2599 625 2652 expressam
645 2586 683 2636 rel
701 2586 807 2636 tacitam
830 2603 890 2636 curn
915 2605 973 2636 mu-

152 2666 265 2722 luntario
283 2665 316 2718 de
336 2667 381 2718 tsli
402 2667 474 2718 lucro
492 2665 678 2737 percipiendo:
705 2684 769 2734 quas
788 2683 878 2718 usuras
897 2667 974 2737 plaue

154 2750 290 2804 damnarit
308 2749 433 2803 Urbasrus
447 2751 495 2803 lll.
513 2751 543 2803 in
562 2770 582 2804 e.
602 2750 749 2806 consuluit·
765 2759 803 2802 to.
813 2769 843 2803 ss.
856 2749 890 2803 de
900 2769 971 2804 usur.

151 2834 239 2902 Quare
259 2843 347 2886 tamen
360 2850 407 2902 ego
419 2833 638 2886 constitutionem
657 2831 823 2904 pontificiam
843 2835 912 2887 haud
924 2853 971 2905 pe·

151 2919 225 2972 nitus
243 2918 379 2987 rejiculrrn
403 2935 520 2970 censeo:
547 2917 615 2980 sed,
641 2935 700 2969 cum
725 2914 847 2987 pontifex
869 2917 971 2970 mederi

149 3003 326 3058 conscientiis
344 3005 503 3075 plenissime
525 3003 656 3067 soluerit,
675 3013 703 3056 et
719 3005 850 3070 objectum
868 3006 959 3074 legista

150 3086 232 3141 tionis
251 3105 312 3140 sues
324 3105 377 3140 uon
390 3086 468 3140 modo
485 3096 559 3140 sotus
578 3086 718 3140 sotunuus
730 3097 867 3151 externus,
880 3103 970 3140 rerum

148 3170 228 3226 etiam
248 3171 369 3226 internos
386 3170 497 3234 lecerit,
517 3171 540 3224 si
561 3169 670 3223 termini
694 3179 826 3240 ponantur
847 3171 969 3237 habiles,

148 3252 344 3308 sdmittemlsm
361 3267 431 3326 puto.
451 3255 512 3307 ttio
531 3270 635 3324 quoque
653 3270 731 3306 seusu
751 3271 887 3324 processus
908 3271 971 3308 oon·

147 3338 321 3393 seientiarius
337 3351 445 3393 rucstnr
465 3341 532 3402 ille,
557 3355 636 3408 quem
656 3338 684 3388 iu
705 3336 763 3390 loro
781 3339 969 3407 poenitentiali

149 3420 332 3474 confessionis
343 3419 483 3475 obsecrare
500 3421 572 3474 licet.
591 3421 645 3473 Sed
660 3421 698 3471 uti
710 3420 797 3472 lurum
816 3422 882 3474 illud
901 3433 968 3476 tarn·

147 3523 225 3576 quam
244 3504 344 3559 loetum
362 3504 482 3576 spurium
502 3503 662 3558 lascivientis
680 3501 800 3574 linusque
817 3521 877 3558 suos
895 3523 971 3560 exce·

150 3589 242 3642 dentis
264 3589 402 3660 potestatis
427 3589 621 3643 ecclesisstirae
644 3606 698 3642 uon
723 3589 909 3658 agnoscimus:
934 3592 971 3645 ita

148 3674 228 3728 etianr
249 3689 402 3742 processum
428 3675 506 3726 illum
525 3673 628 3727 nemini
654 3672 732 3727 tacite
756 3676 859 3743 placere
878 3692 972 3745 posse,

150 3759 206 3812 nisi
223 3758 271 3828 qui
298 3758 417 3828 pspslern
435 3757 609 3810 sorbitionem
627 3767 706 3826 atque
723 3759 895 3827 arrogantiam
915 3777 969 3812 ma-

150 3842 176 3894 le
195 3841 383 3906 dissimulaut;
402 3859 451 3894 nec
469 3840 630 3896 medicinam
654 3843 759 3907 istum,
778 3843 824 3895 sed
845 3851 970 3896 torturam

150 3941 180 3978 ao
197 3919 378 3978 carnificinam
404 3925 629 3978 conscientiarum
655 3942 713 3980 esse
735 3928 969 4000 persuasissimum

183 4093 207 4159 ς.
227 4102 269 4144 st·
288 4091 357 4159 Sed,
375 4093 470 4148 relicto
489 4093 537 4145 illo
555 4095 631 4164 qussi
649 4112 788 4166 processu,
803 4117 831 4153 ea
845 4099 912 4154 milti
927 4102 968 4170 iu·

147 4176 219 4231 dicis
235 4175 354 4231 sdeuuds
373 4189 453 4240 suut,¹
469 4194 537 4247 quae
553 4197 615 4233 rere
633 4183 715 4234 aliurn
735 4184 899 4252 procedendi
912 4203 968 4240 rno-

145 4261 209 4314 dum
226 4259 372 4314 exhibent:
390 4262 495 4330 qualem
515 4263 606 4318 ridere
625 4265 690 4318 lieet
707 4266 735 4318 iu
755 4267 866 4335 judiciis
873 4289 967 4341 ,quae,

145 4347 203 4400 sire
221 4345 325 4399 ratione
343 4345 385 4396 sui
402 4346 520 4413 objecti,
539 4347 596 4402 sire
613 4365 707 4403 causae
725 4347 830 4418 finalis,
850 4353 879 4405 iu
899 4357 967 4410 ciri·

146 4432 184 4485 lis
201 4429 361 4486 dividuntur
379 4439 408 4482 et
426 4431 598 4484 criminalia:
617 4451 677 4486 nem
698 4437 807 4490 tertium
826 4455 908 4507 genus
926 4443 968 4510 ju·

146 4513 299 4579 diciorum,
317 4530 383 4582 quoe
401 4529 435 4566 ex
455 4514 600 4568 multorum
619 4520 751 4572 sententia
771 4521 856 4573 miste
876 4523 969 4576 dicuu-

146 4608 206 4662 tur,
219 4605 247 4650 et
259 4597 289 4648 in
301 4597 399 4666 quibus
418 4599 516 4667 partim
535 4601 653 4655 civiliter
671 4605 770 4672 partim
789 4605 968 4661 criminaliter

146 4683 251 4750 agitur,
264 4680 297 4734 de
312 4681 408 4750 quibus
419 4685 522 4736 consul.
535 4684 609 4736 Asin.
624 4703 709 4754 prou.
722 4686 782 4756 jud.
795 4689 817 4754 ς.
834 4701 857 4740 t.
869 4707 926 4756 cup.
941 4703 965 4743 t.

147 4779 175 4820 et
188 4779 212 4822 e.
224 4768 315 4822 Umm.
329 4769 367 4823 nd
377 4786 452 4837 proc.
466 4769 530 4836 disp.
550 4780 572 4820 t.
585 4771 622 4822 tls.
643 4783 668 4822 2.
687 4791 717 4825 rr.
736 4785 761 4826 e.
780 4789 833 4824 non
850 4774 967 4830 sdmitto.

145 4853 271 4907 l'ormsm
288 4869 349 4908 aero
368 4853 528 4922 procedendi
555 4855 585 4906 in
609 4855 735 4908 civilibus
759 4856 890 4910 diversum
910 4875 967 4912 esso

147 4933 181 4988 sb
198 4951 242 5000 ea,
264 4951 331 5005 quse
346 4936 466 4990 obtineat
484 4939 513 4990 iu
531 4937 731 5002 criminalibus,
748 4950 802 4992 tam
820 4941 965 4994 seeundum

146 5017 345 5086 jusJustiuiau.
363 5020 380 5072 l.
389 5019 448 5089 fin.
457 5019 498 5088 ff.
515 5023 550 5074 de
568 5021 619 5074 del.
634 5023 703 5088 prio.
721 5031 749 5076 et
766 5023 784 5074 l.
792 5021 851 5092 fin.
862 5021 903 5089 ff.
924 5023 957 5076 de

133 5100 213 5170 sart.
231 5119 312 5173 qnsru
329 5103 472 5158 secundum
487 5121 574 5158 mores
587 5105 747 5170 hodiernos,
768 5108 902 5159 ueminens
915 5117 967 5162 tarn

145 5189 280 5258 hospitem
293 5189 322 5244 in
336 5191 394 5258 jure
406 5203 478 5261 puto,
497 5193 542 5260 qui
563 5191 612 5243 buc
631 5192 744 5261 ignoret.
764 5194 905 5245 Processus
917 5209 963 5244 an·

146 5283 201 5326 tem
219 5273 370 5329 criminalis
388 5277 486 5329 iterum
505 5275 665 5330 herciscitur
683 5277 713 5328 in
730 5275 920 5327 accusatorium
939 5284 966 5327 et

146 5358 369 5429 inquisitoriumr
389 5375 500 5431 quornm
521 5369 630 5429 uterque
648 5360 727 5413 bodie
744 5360 900 5412 ordinarius
918 5368 965 5422 est,

144 5459 195 5494 neu
213 5443 282 5496 alter
297 5437 413 5498 ‘alterius
437 5445 594 5497 exclusione.
612 5446 706 5496 iustus
724 5442 853 5511 Oldeiop.
872 5441 966 5495 deusd.

143 5527 222 5579 erius.
239 5539 261 5580 t.
274 5547 320 5598 prr.
336 5539 360 5581 π.
374 5529 430 5581 iuro
446 5528 472 5580 in
485 5538 597 5597 utroque
611 5527 702 5582 eadem
718 5527 771 5580 lere
785 5526 887 5588 forma,
900 5541 966 5594 quae

144 5609 324 5672 iucirilibus,
343 5611 506 5664 observanda
525 5622 581 5674 est,
603 5612 692 5680 paucis
711 5611 847 5679 exeeptis,
861 5609 895 5660 de
907 5609 964 5676 qui·

143 5692 194 5748 bus
206 5693 259 5750 rid.
276 5693 380 5748 Besotl.
396 5694 429 5748 de
442 5695 521 5746 relus.
532 5694 561 5746 irs
577 5710 654 5750 cous·
667 5694 744 5750 crim.
752 5693 816 5764 Jirc.
828 5695 957 5747 tlresnuro

345 5779 450 5851 d'rrytit
471 5779 534 5835 Vol.
554 5785 609 5838 111.

1028 1725 1164 1780 docturum
1178 1727 1257 1780 etism
1271 1725 1470 1779 commentariis
1492 1724 1589 1778 dirisio
1607 1734 1648 1776 est
1666 1742 1805 1796 processus
1820 1729 1850 1780 in

1027 1812 1171 1864 solemnem
1191 1811 1232 1863 rel
1249 1807 1433 1871 ordinarium,
1448 1823 1477 1860 ac
1493 1809 1669 1862 summarium
1688 1809 1745 1860 sire
1761 1819 1849 1860 extra·

1026 1895 1202 1948 ordinarium.
1223 1892 1309 1946 Aliter
1332 1911 1395 1946 sero
1414 1909 1567 1963 processum
1588 1893 1669 1945 hodie
1686 1893 1740 1945 diei
1760 1907 1850 1948 extm-

1025 1979 1207 2042 ordinurium,
1226 1995 1256 2031 sc
1274 1979 1339 2030 olim
1359 1979 1392 2029 de
1416 1981 1472 2046 jure
1490 1977 1562 2033 cirili
1580 1977 1677 2042 reteri,
1697 1977 1780 2031 cuivis
1798 1982 1840 2045 ju·

1028 2063 1161 2115 stiuinneo
1179 2081 1246 2116 noro
1262 2074 1385 2115 constare
1402 2064 1526 2115 arbitror.
1544 2061 1681 2132 Siquidem
1702 2063 1778 2116 uobis
1796 2063 1840 2114 di·

1026 2148 1098 2200 citur
1117 2148 1345 2200 extraordinarius
1362 2147 1402 2201 rel
1422 2147 1583 2199 summarius
1593 2183 1602 2212 ,
1620 2147 1734 2218 quondo,
1756 2147 1849 2201 missis

1026 2233 1151 2286 omuibus
1169 2232 1324 2301 ambagibus
1350 2244 1377 2284 et
1401 2231 1618 2285 solemnitatibus
1643 2233 1712 2300 juris
1735 2233 1847 2301 ciuilis,

1025 2319 1144 2370 celeriter
1168 2333 1261 2370 causae
1284 2316 1401 2386 cognitio
1422 2327 1448 2368 et
1466 2315 1597 2368 discussio
1623 2315 1796 2382 instituitur,
1820 2329 1849 2374 et

1024 2417 1055 2452 cs
1075 2411 1178 2452 tantum
1197 2400 1372 2464 adhibentur,
1393 2416 1459 2468 qune
1476 2397 1508 2450 ad
1527 2400 1631 2468 plenum
1646 2419 1738 2453 causae
1753 2403 1844 2472 cogui-

1024 2484 1123 2538 tionein
1143 2484 1295 2538 naturaliter
1309 2485 1487 2554 requiruntur.
1502 2485 1535 2536 Et
1548 2483 1653 2556 quaudo
1672 2487 1708 2537 ita
1728 2503 1849 2542 summe·

1024 2569 1074 2620 tim
1093 2569 1121 2620 in
1139 2569 1249 2634 judiciis
1266 2585 1360 2620 causae
1376 2571 1550 2634 ventilantur,
1563 2569 1665 2622 dicitur
1683 2571 1734 2624 boc
1754 2575 1800 2643 plu
1811 2577 1847 2627 ri·

1024 2653 1076 2702 mis
1094 2651 1246 2703 doctoribus
1263 2651 1351 2704 levato
1371 2653 1428 2705 velo
1449 2649 1510 2706 fieri
1530 2671 1566 2705 err
1577 2655 1594 2706 l.
1608 2654 1641 2706 de
1654 2655 1802 2710 subruersis
1824 2675 1845 2716 a.

1023 2751 1044 2788 c.
1064 2735 1097 2787 de
1115 2733 1209 2805 nnusr.
1221 2753 1288 2806 quse
1306 2735 1384 2789 rerba
1405 2748 1491 2790 tamen
1511 2739 1601 2792 minus
1619 2750 1691 2794 recte
1710 2745 1807 2814 accipi,
1820 2758 1849 2800 et

1023 2821 1187 2874 contrarium
1207 2823 1297 2890 potius
1315 2823 1445 2875 denotare
1462 2838 1494 2874 ex
1514 2824 1659 2892 Cujauioet
1671 2827 1841 2881 Gothut'rcdo

1023 2907 1191 2958 demonstrat
1203 2905 1338 2960 Gerbard.
1352 2905 1491 2960 Pisnltuch
1510 2917 1543 2960 tr.
1561 2909 1596 2962 de
1611 2925 1758 2976 possessor.
1772 2930 1847 2966 sesm-

1023 2990 1130 3042 murs'rs.
1150 2990 1169 3041 1.
1190 3003 1212 3044 t.
1229 3009 1252 3044 c.
1272 3003 1296 3044 t·
1316 3009 1345 3044 n·
1365 3003 1389 3043 e.
1408 2993 1479 3043 llaec
1498 2991 1596 3059 igitur,
1613 3009 1680 3061 quae
1693 2995 1762 3060 juris
1775 3008 1840 3050 suut

1021 3073 1166 3140 naturalis,
1178 3073 1249 3126 etad
1262 3082 1358 3128 statum
1378 3089 1513 3128 causarum
1532 3077 1737 3131 summariorum
1755 3083 1846 3149 perti-

1022 3169 1103 3226 ueut,
1122 3162 1151 3210 iu
1170 3173 1293 3228 processu
1312 3161 1458 3212 summario
1474 3159 1573 3212 omissa
1591 3162 1711 3214 nullitati
1729 3181 1839 3234 quaere·

1021 3243 1079 3308 lae,
1098 3244 1231 3314 perinde,
1248 3260 1279 3295 ac
1302 3242 1326 3294 si
1349 3242 1378 3294 iu
1395 3241 1532 3296 ordinario
1557 3259 1590 3296 cr
1614 3245 1837 3302 substantialibus

1022 3328 1088 3392 iuris
1099 3329 1189 3382 cirilis
1200 3329 1341 3399 quicquam
1355 3327 1505 3396 neglectum
1518 3327 1615 3392 luerit,
1629 3330 1716 3383 locum
1730 3331 1845 3400 faciunt,

1022 3411 1165 3469 Cachernn.
1180 3415 1260 3468 decis.
1277 3425 1318 3467 tt.
1338 3432 1365 3466 n·
1388 3425 1429 3466 tt.
1439 3421 1466 3466 et
1477 3429 1548 3484 seqq.
1564 3415 1700 3484 Quaenam
1714 3434 1775 3470 reru
1788 3435 1847 3471 cau·

1023 3516 1065 3552 sae
1084 3501 1146 3552 illae
1165 3499 1236 3567 sint,
1253 3515 1320 3568 quae
1338 3499 1511 3552 summarium
1530 3501 1662 3567 ejusmodi
1679 3519 1709 3553 ac
1728 3505 1842 3556 celerem

1022 3585 1222 3637 ventilationem
1241 3584 1370 3651 exigant,
1389 3600 1444 3634 uon
1467 3585 1532 3636 adeo
1556 3585 1675 3654 expediti
1694 3587 1760 3652 juris
1779 3601 1840 3642 est:

1022 3669 1084 3720 ltiuc
1103 3669 1132 3720 in
1152 3668 1218 3722 bene
1234 3667 1386 3720 constitutis
1404 3667 1531 3736 judiciis,
1552 3687 1585 3721 ue
1603 3671 1665 3724 lites
1685 3687 1765 3743 super
1777 3693 1845 3746 qua.

1022 3751 1097 3806 litate
1113 3767 1249 3805 censorum
1273 3751 1425 3804 earumdem
1449 3755 1631 3808 tractationem
1656 3771 1845 3828 remorentur,

1021 3851 1069 3906 per
1085 3836 1267 3889 ordinationes
1285 3836 1346 3890 illae
1363 3848 1448 3891 oertce
1466 3839 1623 3893 constitutae
1641 3851 1717 3912 atque
1735 3862 1846 3918 expres·

1021 3941 1064 3976 ese
1083 3925 1213 3991 leguntur.
1238 3925 1292 3976 llic
1315 3931 1404 3976 autem
1428 3941 1566 3992 processus
1593 3929 1753 3982 summarius
1778 3933 1845 3987 licet

1022 4005 1145 4062 sullicere
1167 4009 1378 4079 quibuscumque
1399 4009 1480 4064 etiam
1498 4011 1647 4067 ordinariis
1664 4015 1751 4068 causis
1769 4015 1846 4071 dcci-

1021 4095 1119 4148 dendis
1136 4093 1271 4160 videatur,
1290 4095 1487 4165 optandumque
1505 4096 1592 4163 iuret,
1611 4108 1642 4151 ut
1660 4117 1691 4154 eo
1708 4105 1839 4170 generali·

1021 4192 1059 4234 ter
1078 4179 1231 4234 introducto
1251 4189 1345 4234 cuuots
1363 4181 1392 4233 iu
1411 4181 1522 4251 judiciis
1541 4184 1778 4254 terminarentur,
1797 4189 1843 4248 dn.

1020 4267 1166 4319 Bruunem.
1183 4282 1226 4334 pr.
1242 4266 1296 4319 civ·
1313 4284 1336 4318 c.
1357 4278 1380 4319 t.
1398 4285 1426 4318 n.
1448 4275 1490 4317 tt.
1509 4283 1579 4339 seqq.
1598 4269 1729 4322 tamenin
1744 4273 1844 4340 causis,

1018 4366 1085 4420 quae
1101 4347 1270 4404 ordinarium
1290 4365 1445 4418 processum
1462 4350 1590 4419 exigunt,
1609 4351 1676 4405 citra
1695 4353 1778 4424 legem
1794 4373 1845 4428 pu-

1020 4433 1114 4485 blicam
1133 4433 1215 4502 judex
1234 4432 1329 4486 inritis
1351 4432 1473 4502 partibus
1492 4434 1677 4489 necessitarem
1696 4441 1841 4494 summari-

1018 4527 1058 4570 ter
1076 4517 1237 4588 procedendi
1255 4515 1393 4585 imponere
1411 4517 1522 4587 nequit,
1538 4516 1762 4589 ordinantiumque
1778 4539 1841 4592 pru·

1018 4617 1121 4655 cessum
1144 4601 1230 4654 lacere
1255 4599 1448 4664 summarium,
1470 4599 1563 4670 Carpe.
1588 4620 1615 4670 p.
1638 4611 1659 4653 t.
1673 4600 1736 4672 pis.
1754 4617 1843 4662 ronst.

1020 4697 1043 4740 t.
1061 4684 1115 4756 des}
1136 4697 1174 4740 te.
1193 4685 1306 4738 named
1331 4686 1388 4752 jura
1414 4683 1529 4754 partium
1548 4683 1687 4753 pertinet,
1706 4689 1842 4757 quomodo

1018 4783 1125 4837 agutur,
1145 4781 1222 4822 etex
1241 4768 1401 4836 judiciorum
1421 4767 1524 4836 legibus
1542 4785 1572 4820 ae
1591 4769 1656 4840 stylo
1674 4775 1762 4826 curine
1780 4792 1844 4845 per·

1019 4862 1059 4904 tes
1077 4855 1118 4920 jus
1136 4853 1285 4922 quaesitum
1306 4851 1421 4917 habeut,
1440 4851 1510 4922 quod
1529 4853 1596 4924 ipsis
1614 4853 1715 4908 aul'erri
1735 4861 1843 4930 nequit.

1053 4938 1075 5002 ς.
1096 4948 1138 4990 rr.
1160 4939 1266 4990 Praeter
1285 4953 1439 5007 processum
1464 4939 1639 4992 summarium
1660 4942 1740 4996 datur
1760 4945 1843 4998 bodie

1017 5021 1101 5075 adbuc
1119 5023 1202 5088 alius,
1220 5021 1267 5092 qui
1286 5022 1515 5075 summarissimus
1533 5033 1664 5092 sonetur,
1683 5029 1783 5098 quique
1802 5031 1842 5082 lo-

1017 5125 1076 5160 cum
1097 5108 1175 5160 lubet
1199 5109 1228 5158 iu
1253 5109 1372 5176 litigiosa
1399 5107 1565 5178 possessione
1591 5109 1647 5161 sire
1672 5113 1838 5178 possessorio

1016 5193 1172 5246 retinendae
1190 5193 1365 5262 possessionis
1379 5194 1407 5245 iu
1422 5209 1499 5258 cusu,
1517 5193 1623 5264 quando
1644 5192 1756 5247 duorum
1775 5215 1842 5267 pos-

1017 5277 1100 5330 sessio
1111 5277 1189 5328 dubia
1202 5287 1254 5343 est,
1269 5293 1455 5346 armorumque
1467 5277 1588 5331 imminet
1602 5278 1748 5349 periculum
1766 5299 1841 5350 prae-

1017 5377 1095 5424 sens,
1114 5377 1144 5412 ec
1163 5369 1247 5412 metus
1266 5361 1384 5426 secedit,
1399 5378 1433 5414 ne
1452 5363 1607 5416 tumultibus
1627 5373 1705 5432 atque
1724 5365 1840 5418 seditio·

1016 5443 1097 5495 nibus
1114 5444 1296 5512 tranquillitos
1318 5445 1424 5517 publica
1452 5447 1571 5500 turbetur
1596 5447 1766 5518 rioleturque.
1787 5451 1839 5504 llic

1015 5543 1076 5582 vero
1093 5543 1252 5596 processus,
1271 5537 1299 5582 ut
1317 5539 1342 5582 et
1360 5529 1489 5597 iudicium
1517 5532 1624 5601 ipsum,
1651 5535 1679 5584 in
1706 5553 1757 5604 quc
1786 5536 1837 5590 iste

1017 5619 1156 5672 serretur,
1182 5613 1373 5681 possessorium
1399 5631 1494 5686 nempe
1513 5618 1709 5682 summarium,
1729 5621 1768 5672 rel
1811 5633 1842 5674 ut

1015 5694 1074 5748 aliis
1092 5693 1208 5764 dicitur,
1229 5713 1462 5770 momentaneum,
1480 5703 1536 5773 iuri
1561 5703 1632 5755 cirili
1661 5705 1737 5774 plnue
1762 5707 1838 5761 iuco-

1575 5801 1605 5842 ib
