4338 6240
144 351 304 410 tterrogare,
330 352 389 390 com
409 335 506 408 quibus
517 335 650 389 ²ltactenus
668 354 725 390 rem
746 335 865 390 babuerit
878 372 886 400 ,
898 353 981 406 quare

155 427 296 480 occasione
321 423 353 476 ad
381 423 440 474 illus
459 423 578 485 venerit,
603 422 649 474 sed
675 419 805 486 sulliciet,
826 419 849 472 si
871 438 928 472 eum
949 419 981 473 de

151 505 205 558 hoe
225 523 329 557 rumore
356 503 493 556 certiorem
517 503 612 568 iaciat,
631 513 657 554 et
676 503 708 554 a'd
729 503 798 555 ritae
816 500 981 555 emendatio·

157 607 221 641 stetu
240 592 402 642 exhortetur.
423 587 609 658 Adstipulutur
629 589 676 637 hac
697 588 724 638 itt
740 605 767 639 re
781 585 871 639 ordin.
885 583 980 636 eccles.

154 677 266 726 saxon.
286 683 338 725 nrt.
358 686 383 723 t.
401 669 424 743 5.
449 667 504 726 tt'te
524 673 593 726 aber
608 672 652 726 ds'e
674 675 758 726 letale
778 687 828 726 eur·
845 668 981 738 Pupists's·

154 760 224 810 elren
247 757 401 830 Ereeltlurrg
417 759 465 811 der
481 758 592 811 diinden
613 756 689 810 nielit
700 773 862 826 geztvungen
876 753 980 810 werden

152 845 251 908 sollers,
263 843 324 896 also
338 843 424 895 sollers
439 841 509 896 eucls
521 840 817 896 dieliirclaen-Dr'ener
828 840 902 892 nielrt
915 855 981 890 vor·

153 926 277 1000 witst‘ger
294 928 383 982 Weiss
394 944 452 980 von
472 926 551 980 ilsrers
569 923 812 988 Belalis-triadem,
827 922 875 976 wie
886 933 912 975 et
926 939 982 976 was

150 1014 317 1084 geroltelsea,
326 1011 453 1085 stegen,
472 1015 538 1066 oder
556 1028 613 1066 was
630 1011 712 1065 ilrnert
737 1008 816 1064 rrr'cld
831 1007 979 1081 gebeiclrtet

154 1099 275 1164 worden,
297 1099 370 1152 deun
391 1097 464 1153 disse
483 1099 593 1151 Beiclrte
620 1097 694 1151 nielrt
717 1117 750 1152 su
778 1093 854 1148 einer·
870 1093 981 1164 iaquisi-

154 1180 214 1235 tion
229 1183 277 1235 der
287 1183 451 1238 testata-tua
472 1181 530 1236 und
546 1181 731 1249 sterdorgeneu
745 1177 855 1230 suarm
869 1175 981 1228 verard-

155 1277 217 1330 rtet,
236 1285 314 1336 quaro
334 1268 431 1338 allegat
450 1268 602 1320 Generosos
620 1265 665 1316 du.
684 1264 717 1316 de
735 1265 821 1318 thena
835 1261 863 1315 iu
874 1261 980 1314 dissert.

156 1370 181 1410 s.
193 1357 226 1410 tie
243 1357 352 1412 ratione
376 1363 473 1407 status.
493 1351 579 1406 rouel.
598 1362 621 1401 s.
639 1347 679 1402 lit·
699 1348 725 1400 d.
743 1345 788 1397 ubi
808 1344 858 1397 alia
876 1361 980 1415 quoque

152 1438 370 1493 doemoniorum
388 1435 544 1490 curiositate
568 1435 644 1506 plura
672 1429 772 1484 monita
792 1429 884 1483 ridere
903 1436 977 1499 pote·

153 1525 202 1577 mil
221 1523 240 1574 l.
255 1524 280 1577 ir-

192 1609 274 1677 Atque
289 1608 352 1658 liaeo
364 1601 397 1656 de
409 1601 563 1658 curiositate
573 1594 761 1655 ciressliorum
775 1597 870 1651 delicta
879 1596 980 1650 dixisse

161 1685 314 1748 sufficiente
332 1689 385 1752 jeus
404 1684 437 1736 de
455 1701 498 1747 ea,
516 1699 584 1754 quse
602 1684 630 1736 iu
651 1683 713 1736 belli
726 1679 838 1733 ducibus
851 1675 977 1744 laudatur,

158 1791 240 1847 pauca
260 1782 288 1826 ut
307 1772 452 1834 disseram,
470 1786 537 1838 opus
555 1769 613 1822 erit.
633 1766 679 1820 Est
698 1775 787 1818 atatem
808 1764 852 1816 illa
872 1763 977 1817 unicui·

154 1876 209 1930 que
226 1859 325 1912 bellurn
344 1854 473 1924 dirigenti
493 1853 558 1906 adeo
583 1850 745 1912 necessaria,
765 1858 795 1902 ut
812 1867 841 1902 er
862 1867 913 1901 nott
932 1849 977 1902 sd-

157 1946 246 2000 bibita
266 1945 309 1996 rix
329 1945 399 1998 rotis
418 1939 581 2012 respondeus
600 1947 705 1992 euentus
718 1935 867 2006 exspectari
882 1933 976 2006 possit.

154 2028 333 2084 bianilestum
353 2031 452 2098 quippe
471 2035 527 2090 est,
546 2034 658 2094 quantas
676 2024 780 2092 saepius
799 2021 976 2074 incommodi·

156 2126 223 2169 tates
242 2115 269 2166 iu
289 2113 358 2166 bello
379 2111 512 2183 pepererit
530 2109 606 2162 dueis
623 2108 783 2180 negligentia
798 2117 824 2160 et
839 2110 976 2164 securitas.

158 2198 246 2258 d'emo
267 2213 387 2268 uuquam
407 2193 522 2248 celerius
538 2209 678 2262 oppressus
694 2203 748 2258 est,
768 2211 851 2264 quem
869 2193 918 2262 qui
935 2196 975 2249 m·-

154 2282 195 2334 lril
211 2281 316 2346 timuit,
343 2293 368 2332 et
381 2277 643 2350 frequentissimum
668 2278 838 2334 calamitatis
866 2276 975 2332 initium

154 2365 288 2418 securitas
304 2373 353 2418 est.
372 2363 448 2432 Beni.
468 2361 550 2414 Prioi.
570 2361 598 2413 in
610 2362 713 2416 .¹lristor·
733 2362 766 2416 de
785 2363 839 2416 red.
855 2363 947 2434 gellio.
959 2365 976 2418 l.

158 2463 182 2504 s.
201 2467 224 2502 c.
240 2461 260 2504 t.
273 2459 299 2504 ut
316 2447 381 2502 adeo
399 2448 465 2501 satis
485 2446 631 2517 prudenter
652 2446 784 2499 monuerit
801 2445 910 2499 Curtius
930 2447 977 2500 lib.

159 2546 183 2589 s.
201 2551 224 2586 e.
245 2545 268 2586 s.
289 2533 363 2586 Nilril
379 2542 437 2586 tuto
456 2531 485 2584 in
505 2533 583 2583 laerte
604 2528 715 2596 despici.
737 2529 976 2597 Quemadmodum

153 2635 243 2690 porcas
268 2615 387 2672 scintille
404 2625 534 2670 contente
553 2633 684 2685 magnum
708 2615 817 2684 saepius
842 2615 978 2672 excitavit

157 2703 327 2762 incendiatur
345 2702 385 2755 t'la
404 2700 525 2766 lwtlem,
551 2718 631 2770 quem
648 2702 797 2771 spreveris,
812 2699 975 2772 negligentia

146 2787 244 2859 ficies
261 2785 446 2840 ualentiorem.
466 2783 703 2838 Cortl.1.ocoenius
725 2785 753 2838 in
778 2797 834 2838 not.
859 2785 898 2838 ad
914 2786 939 2838 cl.
957 2787 977 2838 l.

83 2867 117 2909 ¹¹
160 2875 311 2928 Adstruunt
329 2871 379 2926 boo
396 2872 485 2941 ipsum
504 2888 597 2926 ornnes
615 2871 703 2924 ubieis
714 2871 842 2922 historiae
849 2870 976 2932 sadstru·

155 2958 202 3014 sit
219 2967 246 3010 et
264 2968 324 3011 erute
342 2975 454 3023 annum,
473 2967 499 3010 et
517 2955 586 3026 quod
604 2956 741 3018 excurrit,
761 2953 816 3024 ipsa
838 2951 917 3015 baec,
944 2951 977 3004 de

154 3059 208 3112 quo
227 3044 312 3096 adbuc
331 3045 453 3105 laetatur,
467 3041 596 3096 staretis.
616 3039 743 3094 Vireiunt
769 3038 870 3091 scilicet
888 3035 975 3100 Sueci,

154 3131 277 3202 quitum
301 3130 428 3200 temporis
452 3144 510 3181 erm
531 3129 647 3180 tuassmn
668 3122 806 3187 tenebant,
826 3121 931 3186 securi,
950 3131 977 3174 et

152 3214 219 3286 quid
240 3213 426 3268 serenissimus
444 3212 542 3264 aleator
561 3201 804 3278 brandenburgicus
819 3223 904 3261 rerum
917 3223 975 3275 age

154 3310 211 3365 ret,
231 3317 324 3369 parum
343 3296 478 3350 curabant.
496 3293 620 3346 Nondum
639 3293 707 3364 ipsis
725 3291 755 3344 in
770 3299 885 3344 mentem
899 3308 975 3345 rene·

155 3393 212 3448 rat,
238 3401 298 3438 euru
326 3382 448 3436 reducem
475 3392 624 3449 carpturum
645 3379 728 3441 riam,
747 3384 774 3430 et
791 3370 863 3429 ecee!
884 3376 976 3428 aderat

152 3471 207 3538 jam
228 3480 284 3523 tum
300 3470 396 3521 iterum
407 3482 469 3518 snae
481 3463 633 3527 Marolriae,
646 3469 674 3513 et
687 3459 856 3514 defensorem
868 3457 895 3510 in
911 3459 974 3512 Sue·

152 3571 246 3610 oorttm
261 3552 379 3605 cerrices
398 3549 545 3618 stringebat
562 3546 696 3618 gladium,
715 3544 887 3599 adoriebatur
906 3559 973 3608 eos,

154 3635 274 3691 vincebat
293 3649 351 3694 eos,
369 3643 397 3685 et
414 3643 516 3700 septem
541 3629 649 3684 circiter
667 3629 771 3682 dierum
791 3628 874 3698 spatio
895 3627 974 3680 terri·

149 3718 216 3772 lorii
236 3717 277 3769 soi
295 3715 418 3784 ejiciebat
436 3711 550 3779 finibus,
565 3713 634 3784 quoti
651 3731 725 3776 sune,
746 3714 768 3764 si
784 3713 835 3782 ipsi
849 3729 908 3764 oum
926 3709 973 3764 bo·

150 3813 191 3856 ste
209 3801 292 3870 magis
310 3800 412 3854 curioso
430 3817 473 3854 res
492 3798 602 3864 luisset,
630 3816 683 3852 non
703 3797 768 3850 adeo
787 3795 847 3848 sine
866 3795 972 3866 perieu-

152 3887 179 3938 lo
204 3881 265 3936 fieri
290 3883 423 3956 potuisset.
446 3885 561 3936 Tantum
587 3883 690 3936 scilieet
709 3881 737 3933 in
758 3881 826 3934 bello
846 3890 923 3934 nocet
940 3880 973 3932 de

152 3971 270 4024 bostium
289 3969 409 4024 consiliis
427 3971 542 4039 neglecte
563 3961 718 4022 curiositas!
734 3967 831 4019 Melius
843 3983 905 4033 ergo
918 3981 973 4028 stro,

150 4055 193 4109 cui
213 4065 317 4128 praeest
340 4053 483 4118 exercitui,
508 4053 630 4106 consudet
654 4051 727 4114 dux,
745 4049 775 4102 si
801 4067 853 4100 non
875 4059 974 4101 temere

148 4139 203 4200 iis,
221 4140 267 4209 qui
295 4137 364 4191 vires
389 4137 502 4190 hostium
521 4152 568 4207 per
585 4143 769 4204 contemptum
796 4132 972 4195 diminuunt,

147 4221 251 4285 credat,
270 4219 317 4273 sed
342 4221 432 4273 omnia
459 4219 547 4288 potius
566 4227 679 4280 metuat,
699 4217 776 4286 piena
798 4209 971 4268 difficultatis

147 4315 176 4358 et
196 4305 305 4374 peric-di
327 4305 378 4358 sibi
396 4301 496 4372 fingat,
515 4312 543 4355 et
560 4318 653 4354 omttes
666 4299 878 4364 adversariorum
891 4316 956 4352 cone

148 4399 192 4442 tus
210 4388 323 4440 curiosis
341 4387 475 4446 intueatur
492 4388 585 4439 oculis.
604 4383 728 4439 Obrecht.
748 4385 818 4454 disp.
836 4374 923 4452 prio'r.
938 4383 971 4436 de

146 4474 210 4527 bell.
222 4475 261 4525 tlr.
275 4483 336 4534 ste.
351 4469 427 4524 Conl'.
439 4471 571 4525 inachim.
586 4469 843 4540 Rurgersobseruut.
857 4467 967 4520 militer.

143 4569 219 4612 eent.
234 4569 258 4609 t.
270 4557 326 4610 obs.
342 4569 366 4612 e.
376 4575 404 4628 p.
417 4569 476 4610 ros.
489 4556 580 4608 Minus
598 4555 672 4608 enirn
690 4562 786 4607 nocent
800 4552 920 4623 praevisa
932 4563 969 4606 te-

146 4644 188 4706 ls,
208 4652 234 4694 et
253 4638 326 4693 lucili
346 4642 453 4711 negotio
470 4650 642 4705 avertuntur,
662 4639 717 4692 imo
729 4639 757 4690 in
774 4637 893 4708 ipsorum
913 4653 967 4688 sae·

144 4745 180 4798 pe
201 4725 313 4778 bostium
332 4725 445 4778 exitium
464 4735 654 4792 retorquentur.
674 4721 770 4775 Laudat
789 4739 846 4773 earu
858 4721 893 4773 ob
905 4738 964 4774 cau·

144 4827 201 4862 sem
221 4808 360 4861 Tiberium
396 4805 494 4859 tacitus
512 4808 530 4858 l.
553 4817 577 4860 2.
591 4807 688 4861 ennnl.
702 4826 725 4860 r.
741 4818 771 4859 το
793 4805 856 4857 dum
876 4804 963 4858 eidem

144 4889 217 4942 nihil
231 4904 263 4942 ex
277 4889 447 4944 inimieorum
463 4888 584 4942 consiliis
598 4889 762 4958 incognitum
779 4887 862 4940 luisse
875 4889 965 4941 illum·

144 4992 197 5046 que
214 4991 307 5028 omues
327 4973 444 5025 bostium
463 4982 535 5024 astus
555 4971 584 5023 in
602 4971 749 5042 perniciem
765 4971 835 5044 ipsis
848 4973 966 5039 vertisse,

68 5109 73 5118 ,
143 5055 249 5110 scribit.
269 5055 346 5110 Cani.
364 5057 498 5110 Forstner.
515 5054 549 5109 in
566 5065 622 5109 aot.
642 5055 680 5110 ud
694 5055 741 5112 att.
755 5057 773 5108 l.
788 5057 899 5112 Utiliter
919 5076 965 5110 aa·

692 241 742 296 DE
761 237 1004 311 CURIOSITATE
1022 239 1128 296 ctttct
1147 241 1311 298 rotsttct.

1032 337 1175 390 notandum
1196 357 1253 392 esse
1276 340 1352 394 docet
1377 341 1524 398 toreama
1545 345 1673 406 Cboiier.
1690 351 1719 408 ia
1745 278 1804 412 abl.
1822 351 1862 416 cd

1030 421 1159 472 Osiandri
1184 423 1359 494 stmtegicum
1383 442 1440 498 cup.
1469 443 1508 482 to.
1534 448 1567 484 ne
1593 433 1638 486 illa
1658 436 1794 495 militibus
1811 442 1858 496 de-

1032 506 1171 559 mandetur
1189 509 1335 578 gregariis,
1355 521 1381 565 et
1400 514 1446 566 uui
1467 532 1499 566 ex
1519 519 1709 588 multitudiue,
1725 523 1771 576 sed
1786 527 1857 584 ciros

1031 589 1175 644 mittendos
1197 609 1254 644 esse
1272 609 1360 660 grares
1377 605 1402 649 et
1422 597 1582 668 prudentes,
1601 605 1682 675 idqtts
1701 609 1804 678 specie,
1831 613 1855 668 si

1032 674 1113 740 ierat,
1134 675 1276 744 legationis
1307 678 1355 732 Illi
1366 685 1455 746 enim,
1468 683 1558 754 inquit
1566 725 1574 752 ,
1587 702 1732 746 servorum
1749 694 1854 752 similet

1030 759 1109 812 aliud
1126 759 1210 818 atttt.
1231 763 1306 832 puod
1314 763 1409 818 sciant
1425 802 1432 829 ,
1449 782 1563 838 possunt
1574 772 1759 845 renataeiura,
1771 798 1854 850 pssum

1030 861 1214 914 quoecumque
1227 846 1361 902 noverint
1372 867 1474 904 omnes.
1485 857 1524 906 As
1536 854 1594 908 visi
1602 859 1750 926 prudentes
1763 865 1854 920 eonsi-

1030 926 1069 978 lin
1083 926 1167 980 etiam
1190 930 1304 984 diseunt.
1327 934 1468 1002 Quomodo
1488 956 1549 991 roro
1567 938 1601 993 ab
1621 941 1782 1016 imperatore
1799 950 1855 1006 site
1891 955 1923 1002 lt

1031 1009 1094 1064 belli
1114 1012 1179 1066 duce
1206 1016 1336 1070 tractandi
1366 1019 1422 1072 siut
1444 1023 1574 1090 ejusmodi
1608 1031 1805 1098 speculatores,
1830 1035 1855 1088 si

1029 1099 1306 1168 comprehendantur,
1331 1112 1358 1155 et
1376 1121 1409 1157 att
1431 1114 1509 1170 tuuc,
1529 1107 1552 1160 si
1573 1112 1704 1164 exercitus
1722 1116 1765 1168 stri
1784 1117 1854 1172 atres

1031 1181 1148 1238 bostium
1168 1186 1253 1256 copiis
1272 1188 1351 1258 longe
1369 1189 1513 1244 inferiores
1527 1193 1851 1270 arbitretur,occidertdi,
1885 1225 1889 1234 ·

1030 1278 1092 1321 tuuc
1110 1286 1183 1334 aero,
1204 1273 1225 1324 si
1242 1275 1393 1329 exercitum
1409 1277 1486 1330 docti
1500 1277 1567 1331 bene
1582 1280 1753 1351 instructum,
1767 1296 1794 1340 et
1806 1289 1853 1340 bo·

1031 1355 1086 1408 stili
1106 1357 1289 1428 superiorem,
1308 1358 1459 1414 dimittendi
1480 1363 1548 1428 sint,
1565 1361 1658 1434 (quod
1674 1370 1801 1424 suadetur
1820 1374 1849 1428 iu

1029 1437 1154 1488 Osiandri
1174 1439 1317 1512 stratagico
1330 1444 1377 1496 all.
1390 1445 1465 1514 loe.)
1483 1463 1531 1514 ego
1549 1447 1672 1502 decidere
1692 1469 1744 1504 nort
1759 1454 1851 1525 audeo,

1028 1522 1074 1574 sed
1092 1522 1154 1574 aliis
1172 1523 1258 1594 potius
1284 1525 1312 1578 in
1332 1526 1411 1580 bellis
1436 1530 1519 1600 magis
1541 1533 1654 1585 versatis
1672 1532 1851 1594 decidendum

1029 1607 1164 1678 relinquo,
1185 1629 1343 1682 manumque
1361 1611 1396 1666 de
1417 1617 1504 1670 tabula
1525 1616 1682 1684 detrahens,
1701 1639 1758 1676 mm
1776 1639 1852 1696 quae·

1028 1691 1108 1745 stioni
1128 1707 1249 1760 nostrae,
1268 1713 1345 1766 quum
1365 1700 1493 1766 colimus,
1512 1703 1677 1772 prudentiae
1699 1708 1781 1776 magis
1791 1727 1852 1782 pro·

1028 1779 1101 1848 prise
1118 1780 1227 1850 adjicio.

1061 1861 1222 1934 Expeditum
1242 1865 1345 1920 scilicet
1363 1878 1420 1935 est,
1441 1887 1548 1924 omnem
1569 1873 1657 1944 legum
1677 1879 1852 1948 positivorum
1888 1889 1918 1932 tt

1025 1945 1215 2016 obligationem
1236 1952 1383 2021 penderes
1403 1957 1630 2026 promulgatione3
1649 1972 1688 2015 est
1701 1965 1773 2016 enim
1786 1983 1852 2035 pro·

1027 2032 1153 2099 ruoigatio
1170 2033 1202 2086 de
1222 2036 1324 2089 ratione
1343 2036 1409 2106 legis
1429 2037 1558 2093 humanae
1570 2081 1577 2106 ,
1589 2043 1646 2097 sire
1660 2054 1790 2119 tamquam
1803 2052 1851 2104 att-

1025 2115 1091 2184 quid
1109 2115 1141 2167 ad
1161 2119 1217 2184 ejus
1241 2119 1386 2172 essentiam
1412 2123 1592 2192 requisitum,
1611 2127 1665 2181 sire
1684 2142 1712 2182 ut
1732 2134 1852 2188 conditio

1026 2201 1189 2265 necessaria,
1208 2211 1237 2254 ot
1255 2203 1297 2255 lex
1321 2203 1419 2259 habeat
1432 2207 1557 2262 virtutem
1570 2212 1716 2283 obligandi.
1731 2218 1782 2270 rid.
1802 2221 1851 2272 ln·

1027 2278 1067 2332 dr.
1086 2301 1099 2333 a
1116 2285 1203 2337 lslatre
1217 2285 1266 2338 Dei
1275 2285 1302 2339 irr
1311 2303 1390 2341 eursu
1408 2290 1489 2342 tlteol.
1504 2294 1600 2346 morel.
1612 2307 1646 2350 tr.
1661 2300 1851 2372 tt.delegibus

1025 2380 1048 2415 e.
1064 2375 1187 2433 t.punct.
1202 2379 1226 2422 s.
1247 2386 1274 2420 rr.
1290 2378 1329 2420 rt.
1353 2370 1411 2421 lin.
1430 2373 1544 2442 Ziegler.
1561 2377 1593 2428 ad
1620 2379 1761 2438 Lanccllot.
1779 2386 1797 2438 l.
1826 2400 1850 2441 t.

1024 2446 1064 2500 tit.
1078 2457 1102 2498 s.
1114 2449 1137 2512 ς.
1153 2461 1176 2500 e.
1190 2449 1228 2501 ud
1238 2451 1343 2504 verba:
1359 2453 1552 2524 notusuoere:
1565 2461 1646 2528 adeo,
1668 2478 1698 2520 ut
1716 2479 1793 2522 antea
1815 2489 1849 2527 ne

1025 2531 1092 2600 iegis
1109 2531 1216 2601 quidem
1237 2551 1334 2588 nomeu
1355 2549 1496 2592 mereator.
1517 2545 1627 2599 Zoesius
1649 2551 1686 2602 ed
1693 2551 1736 2619 ff.
1756 2555 1797 2607 tit.
1817 2555 1851 2609 aie

1025 2614 1103 2684 legib.
1116 2633 1144 2667 rr.
1158 2627 1197 2668 to·
1215 2626 1241 2669 cl
1262 2635 1338 2672 nemo
1357 2620 1391 2674 de
1411 2639 1440 2675 ea
1458 2632 1643 2696 cognoscenda
1656 2644 1775 2690 leuentur
1789 2657 1847 2694 esse

1026 2700 1163 2754 sollicitus.
1182 2703 1255 2756 Eine
1273 2701 1420 2761 dubitatur:
1441 2730 1473 2762 an
1486 2754 1492 2776 ,
1507 2713 1528 2764 si
1543 2717 1604 2786 quis
1617 2717 1650 2772 ita
1663 2723 1782 2776 curiosus
1792 2723 1848 2779 lue·
1887 2754 1916 2796 qq

1026 2783 1082 2848 rit,
1097 2784 1238 2855 legemque
1254 2800 1425 2860 conceptam,
1439 2803 1465 2845 et
1478 2798 1594 2852 nondum
1607 2803 1715 2872 quidem
1732 2813 1849 2879 promul-

1025 2880 1129 2936 gatam,
1148 2882 1221 2924 certo
1241 2881 1328 2927 tamen
1348 2879 1564 2948 promulgandum
1585 2891 1752 2957 cognoverit,
1765 2893 1788 2946 is
1802 2895 1853 2966 per*

1028 2972 1083 3006 eam
1102 2955 1257 3026 obligetur?
1276 2977 1298 3012 e.
1318 2977 1344 3030 g.
1362 2962 1491 3032 quidam,
1510 2985 1569 3022 cum
1589 2971 1617 3024 iu
1632 2976 1764 3048 principis
1778 2981 1848 3052 pala·
1920 2969 1926 2976 ¹

1026 3040 1063 3092 tio
1081 3055 1242 3108 versaretur,
1261 3049 1398 3117 cognorit,
1419 3053 1502 3122 legem
1527 3061 1668 3126 quamdam
1689 3067 1847 3136 propediem

1025 3127 1257 3196 promulgandum,
1284 3131 1352 3200 quod
1373 3133 1533 3192 frumentum
1553 3143 1641 3196 rilinri
1662 3149 1750 3218 pretio
1767 3153 1848 3208 rendi

1024 3207 1128 3262 debeat.
1147 3211 1279 3265 Vendidit
1299 3213 1350 3266 iste
1368 3217 1457 3271 statim
1479 3217 1643 3277 frumentum
1664 3247 1739 3283 suunt
1752 3233 1844 3302 alicui,

1023 3309 1055 3346 eo
1074 3312 1126 3346 non
1145 3295 1289 3348 certiorato
1308 3298 1340 3349 de
1360 3299 1415 3368 lege
1435 3303 1547 3370 sancita3
1567 3313 1705 3379 quaeritur
1722 3332 1799 3386 ergo,
1811 3314 1845 3372 ao

1024 3375 1070 3429 hic
1090 3377 1212 3430 venditor
1231 3390 1321 3433 contra
1340 3401 1431 3436 noram
1450 3385 1524 3438 iliam
1545 3391 1628 3460 legem
1647 3394 1802 3466 deliquerit,
1820 3411 1848 3455 et

1023 3459 1055 3512 ad
1076 3461 1207 3516 interesse
1223 3467 1335 3534 emptori
1358 3473 1501 3524 teneatur?
1518 3470 1673 3532 Communis
1695 3481 1738 3535 dd.
1752 3485 1845 3556 opinio
1883 3495 1914 3542 ts

1024 3546 1171 3614 negativam
1180 3547 1309 3615 defendit,
1323 3562 1387 3617 tum,
1399 3551 1460 3622 quia
1475 3557 1517 3608 lex
1532 3569 1594 3612 ante
1604 3565 1841 3636 promulgationem

1023 3633 1124 3682 nullam
1150 3642 1239 3704 potest
1264 3633 1361 3688 babere
1386 3637 1458 3705 sim,
1479 3651 1552 3709 tum,
1570 3647 1632 3714 quia
1650 3647 1713 3702 haec
1732 3651 1845 3704 scientia

1022 3726 1163 3784 conceptae
1183 3716 1248 3786 legis
1268 3717 1369 3787 private
1390 3721 1555 3780 solummodo
1574 3741 1628 3793 est,
1648 3742 1675 3782 et
1694 3733 1794 3787 nullum
1807 3737 1845 3789 le·

1022 3798 1048 3866 gi
1067 3798 1111 3852 dat
1128 3801 1257 3872 rigorem.
1277 3822 1300 3856 r.
1320 3803 1427 3859 Lessios
1444 3807 1477 3862 de
1489 3808 1557 3880 just.
1577 3825 1603 3866 et
1618 3815 1674 3883 jur.
1693 3819 1711 3870 l.
1726 3831 1750 3872 t.
1763 3840 1786 3874 e.
1802 3834 1843 3875 rt.

1022 3881 1085 3936 dut.
1102 3897 1126 3936 s.
1140 3886 1160 3936 tt
1181 3888 1273 3944 Matre.
1285 3887 1335 3940 Dei
1356 3889 1402 3941 att.
1415 3889 1426 3940 l
1445 3903 1471 3944 et
1483 3894 1518 3946 ab
1528 3913 1562 3948 eo
1577 3895 1664 3952 citati.
1676 3899 1752 3956 cont.
1766 3905 1844 3956 Zoes.

1022 3965 1048 4019 d.
1061 3965 1079 4018 l.
1092 3985 1119 4018 n.
1138 3979 1178 4020 tt.
1196 3971 1298 4023 Verum
1318 3971 1540 4041 quemadmodum
1561 3981 1628 4032 hano
1646 3989 1843 4056 responsionem

1023 4049 1052 4104 in
1071 4049 1128 4104 loro
1146 4054 1273 4108 exteriori
1298 4072 1386 4108 reram
1405 4075 1462 4110 esse
1481 4059 1558 4113 facile
1576 4063 1705 4128 concedo,·
1718 4067 1754 4126 ita
1768 4088 1806 4136 ea,
1819 4073 1843 4126 si
1880 4090 1912 4135 ss

1022 4133 1054 4185 de
1072 4135 1179 4188 interno
1197 4136 1377 4191 conscientiae
1391 4137 1447 4194 ioro
1458 4144 1577 4210 quaestio
1590 4147 1637 4212 sit,
1651 4151 1841 4218 quadamtenus

1020 4217 1088 4269 mihi
1108 4228 1242 4290 suspecta,
1263 4221 1373 4290 illeque,
1394 4225 1440 4293 qui
1461 4225 1512 4279 hoc
1533 4227 1611 4281 modo
1624 4228 1785 4286 frumentum
1799 4255 1840 4290 su-

1019 4318 1063 4352 um
1083 4301 1224 4368 rendidit,
1243 4321 1294 4356 nort
1315 4305 1402 4360 ubivis
1423 4318 1495 4361 lutus
1515 4311 1631 4376 ridetur:
1645 4320 1772 4387 atquesic
1786 4341 1840 4376 ttts·

1019 4385 1059 4456 gis
1076 4386 1179 4440 arridet
1197 4405 1309 4458 sequens
1334 4409 1348 4441 a
1376 4391 1511 4464 principis
1528 4395 1686 4466 legislatoris
1705 4405 1843 4462 voluntate

1019 4469 1095 4540 petita
1114 4471 1266 4541 respondes
1285 4471 1392 4527 scilicet
1410 4474 1555 4530 ridendum
1574 4495 1625 4547 est,
1645 4503 1677 4536 an
1692 4485 1737 4541 ilie
1751 4494 1841 4546 statim

1018 4563 1078 4623 post
1095 4554 1251 4619 scientiam,
1271 4573 1303 4609 att
1324 4572 1384 4609 aero
1402 4575 1435 4610 ex
1454 4571 1525 4615 certo
1546 4567 1664 4620 termino
1677 4571 1760 4642 legem
1772 4576 1843 4631 obli·

1017 4653 1080 4708 gare
1097 4639 1216 4690 voluerit.
1236 4637 1323 4692 Priori
1342 4658 1403 4694 casu
1418 4643 1510 4714 utique
1523 4646 1655 4718 obligatus
1667 4667 1707 4707 est
1721 4662 1840 4716 curiosus

1016 4721 1063 4775 itta
1080 4721 1112 4772 ad
1131 4722 1184 4790 legi
1202 4721 1400 4790 obediendum,
1419 4743 1467 4778 nee
1485 4744 1635 4801 exspectare
1654 4735 1762 4794 debebit
1779 4761 1840 4813 pro-

1016 4805 1218 4874 mulgationem,
1236 4823 1295 4859 cum
1315 4806 1378 4860 haec
1396 4828 1456 4863 eum
1476 4812 1642 4869 solummodo
1657 4819 1685 4874 in
1700 4819 1779 4876 finem
1792 4827 1839 4882 ad·

1016 4885 1153 4952 bibentur,
1172 4900 1199 4943 ut
1216 4889 1320 4942 subditi
1337 4891 1405 4960 legis
1422 4895 1526 4949 uoriter
1538 4900 1661 4956 conditae
1674 4921 1837 4980 consequan-

1017 4978 1060 5024 tur
1077 4971 1231 5039 scieutiam,
1250 4992 1328 5043 quarn
1348 4976 1407 5058 ipse
1425 4981 1580 5036 curiositate
1598 5003 1643 5038 sua
1657 4988 1709 5055 jem
1730 5003 1781 5045 turn
1795 5014 1838 5050 ac·

1014 5057 1132 5126 quisirit.
1155 5057 1303 5112 Posteriori
1322 5077 1403 5126 sera,
1429 5079 1489 5116 eum
1509 5077 1570 5119 aute
1589 5067 1669 5124 istum
1691 5076 1836 5132 terminum

144 5149 199 5192 tem
218 5139 250 5193 ad
270 5139 337 5192 barte
357 5139 496 5192 scientium
516 5139 575 5192 duei
596 5139 782 5209 acquirendam
802 5141 966 5196 adhibentur
1012 5143 1163 5213 neutiquam
1187 5143 1332 5215 obligatum
1355 5163 1427 5215 esse,
1446 5161 1471 5203 et
1491 5149 1655 5208 frumentum
1676 5175 1752 5214 suum
1772 5181 1835 5220 ren.

140 5225 336 5295 exploratores,
354 5238 420 5293 quos
439 5223 543 5294 ssepius
561 5223 590 5276 in
609 5224 725 5278 bostium
749 5235 834 5278 cestre
853 5227 964 5279 mittere

1013 5229 1076 5300 dere
1093 5249 1186 5302 posse,
1204 5233 1318 5300 lsrgior,
1339 5251 1373 5287 ne
1391 5235 1534 5291 deterioris
1554 5241 1587 5292 sit
1602 5241 1769 5301 conditionis
1784 5249 1837 5318 hie,

140 5309 228 5360 solent
248 5307 352 5406 bellom·
365 5307 523 5406 dirigentes.
541 5307 700 5405 scrutantur
712 5309 786 5363 euim
801 5309 842 5362 ilii
854 5328 961 5364 omnem
1011 5331 1089 5385 quarn
1114 5315 1212 5386 reliqui
1238 5319 1374 5383 concinere
1395 5321 1474 5373 modo
1494 5330 1582 5376 tumen
1602 5325 1664 5394 ipse
1682 5342 1834 5400 emptorem

113 5473 117 5481 Ι
140 5393 264 5487 adversas
283 5403 368 5464 partis
389 5402 580 5454 intentionem:
601 5392 787 5464 inquirentis
805 5397 863 5462 eius
876 5397 962 5450 cousi-
1011 5398 1045 5449 sd
1063 5399 1204 5451 emendum
1222 5401 1439 5468 persuasionibus
1457 5404 1530 5470 suis,
1548 5407 1647 5478 quippe
1665 5429 1731 5480 quae
1746 5432 1792 5483 per
1806 5435 1834 5470 se

144 5476 197 5540 lta,
218 5485 311 5530 notant
331 5489 500 5550 apparatum,
526 5477 647 5548 qttaiibus
666 5476 796 5556 ducibus,
810 5483 964 5550 qualibusve
1010 5495 1070 5533 eum
1089 5480 1249 5536 adulterius
1267 5484 1394 5538 damnum
1413 5486 1536 5552 tendant,
1556 5489 1683 5546 delictum
1702 5497 1833 5566 quoddam

63 5571 100 5630 ‚tt
143 5557 279 5614 militibus
287 5561 426 5616 instructae
436 5561 614 5614 sinthostinm
630 5561 728 5633 copiae.
749 5562 899 5634 btqoeeum
910 5577 961 5618 tam

140 5643 233 5709 ardua,
256 5654 361 5716 tamque
379 5643 503 5702 difficilis
527 5645 564 5700 sit
582 5648 781 5718 exploratorum
802 5649 963 5722 expeditio,

1011 5565 1158 5628 inrolruut,
1176 5583 1230 5619 nort
1251 5568 1405 5635 induxerit,
1424 5567 1469 5622 sed
1488 5570 1586 5641 abeo,
1606 5585 1634 5629 ut
1652 5578 1753 5649 aliquid
1775 5580 1833 5636 sm.

1011 5651 1091 5705 menti
1110 5650 1163 5704 sibi
1181 5651 1328 5721 venderet,
1347 5662 1453 5724 rogatam
1473 5657 1520 5709 sit.
