4338 6240
247 305 299 372 res
708 301 980 364 necennsnrn
999 301 1356 362 tnncttnnsrnttrt.
1763 311 1819 378 ιιι

188 415 267 471 neget
284 402 417 474 principis
429 403 597 470 mendstcns,
606 401 679 473 quod
697 400 886 456 conscientiam
904 416 1007 469 quoqne
1061 396 1176 469 inquisit
1187 399 1302 452 membr.
1315 409 1338 451 2.
1352 417 1381 452 n.
1397 408 1439 452 st·
1452 397 1562 456 licetine
1574 402 1736 458 concludent
1748 405 1807 472 eiii3
1819 422 1881 463 con..
1916 415 1949 462 et

189 488 356 544 subditorum
375 491 494 555 stringit.
514 490 648 543 Naturalis
668 505 730 542 sero
744 489 824 550 ratio,
838 495 864 536 ut
886 483 1008 554 promissi
1061 481 1193 534 silinrium
1212 483 1326 534 uliumre
1345 481 1498 548 subditum,
1511 487 1534 536 si
1553 484 1685 543 intentent
1706 490 1881 560 producetur,

191 569 276 628 iidem
295 575 467 644 implesme
484 584 587 628 secreto
604 573 766 626 credentium
786 587 890 634 serres,
909 569 1009 638 exigit3
1062 581 1115 618 uon
1133 583 1211 635 posse
1237 567 1352 619 reseinre
1370 576 1470 620 secrete
1496 567 1616 634 domini,
1636 572 1725 625 Lessr.
1743 574 1769 626 d.
1787 594 1814 646 q.
1836 587 1876 630 ts.

186 658 230 716 ntt
249 661 322 712 enirn
343 662 439 726 iniusti
456 661 588 726 continet,
608 661 721 712 reticere
738 657 833 710 delicte
849 655 1008 719 commisse,
1061 667 1089 701 ιι.
1106 661 1128 702 ι.
1143 660 1169 704 et
1181 660 1205 702 t.
1220 651 1281 702 Peri
1301 651 1403 704 ratione
1422 667 1470 702 nec
1486 651 1626 706 adsecutus
1644 666 1735 710 contu
1752 659 1877 711 clientem
1915 665 1947 710 22

189 745 261 798 tende
279 755 308 798 et
324 744 440 814 desuper
457 745 525 800 iscte
544 745 687 815 promissio
712 742 848 796 subsistit.
869 741 898 796 Si
918 741 947 791 in
966 755 1008 792 er·
1062 742 1147 804 potest
1166 734 1278 804 produci
1299 735 1389 799 testis,
1409 733 1462 788 rid.
1479 752 1563 804 supra
1576 756 1597 792 c.
1612 749 1635 791 2.
1654 758 1675 792 ιι
1699 741 1808 794 inlice
1825 761 1880 796 nse·
1914 759 1947 802 ee

191 829 303 884 tltmhoc
321 830 530 896 negotiemini
549 828 705 884 sententium
719 841 850 897 exponere
863 835 918 878 tuto
932 823 1010 885 tieem
1061 819 1136 871 «licus
1156 831 1249 873 contre
1267 833 1402 888 regnotum
1422 821 1447 872 d.
1467 838 1491 872 c.
1512 833 1536 874 2.
1556 841 1585 875 ιι.
1604 830 1645 876 tt.
1665 823 1736 877 idem
1753 830 1876 879 omnium

124 910 156 956 ⁴⁸
192 912 322 967 distincte
342 915 543 982 responderem.
559 915 599 966 in
620 913 670 965 tibi
690 912 738 964 sub
757 910 859 964 silentii
870 903 925 960 iide
937 925 1009 960 corc-
1060 903 1275 970 cnienlolcbtinet
1289 904 1318 956 in
1332 904 1468 958 secerdote
1479 904 1509 958 in
1523 915 1612 961 testem
1622 907 1766 979 procincto,
1781 908 1877 982 Curpe.

188 998 303 1051 scissum
323 999 360 1050 sit
379 997 523 1062 delictum,
536 1008 673 1067 sntequsm
691 995 826 1065 principie
842 994 875 1044 de
893 993 1009 1044 roselon·
1056 984 1170 1052 jurispr.
1180 985 1242 1038 ecci.
1256 985 1303 1038 lib.
1319 999 1343 1040 t.
1357 986 1413 1056 deli
1428 999 1470 1040 tt.

123 1089 154 1134 ts
183 1082 227 1140 ,dc
247 1081 398 1136 menslstnm
424 1082 634 1152 protonigstutnr
653 1098 685 1132 sn
712 1091 810 1149 postes.
838 1076 925 1130 Priori
949 1092 1010 1128 essu
1098 1067 1151 1120 Sed
1168 1085 1202 1119 sn
1222 1070 1321 1138 poterit
1337 1070 1516 1140 intermgntus
1534 1077 1635 1142 jurare,
1654 1093 1683 1130 se
1699 1075 1876 1132 nescireilte
1913 1091 1944 1134 st

191 1177 215 1220 te
234 1167 427 1220 nonobstante
453 1165 584 1237 principis
611 1165 733 1218 mandato
752 1173 883 1216 secretum
903 1161 1012 1213 reticere
1061 1151 1155 1204 statuit
1173 1151 1261 1204 Latet·
1279 1154 1529 1226 descendenti-q.
1546 1172 1586 1213 te.
1605 1179 1633 1213 n.
1651 1173 1741 1216 tm.
1758 1163 1829 1233 qnod
1848 1164 1878 1218 in

191 1269 271 1321 pot„
289 1249 420 1304 dicerem:
440 1261 499 1304 mr,
517 1252 589 1304 enim
608 1250 742 1302 „metm
759 1246 791 1298 ad
811 1245 944 1298 ,tiendum
963 1243 1010 1295 0b.
1060 1233 1158 1304 quibus
1176 1238 1283 1290 essibus
1306 1240 1366 1308 quis
1390 1251 1520 1296 secretum
1546 1246 1661 1299 nesciere
1680 1264 1732 1300 noc
1754 1257 1875 1317 tenetur,

189 1337 294 1406 ligetiu.
308 1353 356 1388 nec
370 1345 488 1404 tempore
505 1335 583 1386 dntse
601 1330 664 1385 ildei
685 1332 772 1383 nilum
792 1329 872 1382 ciriic
888 1325 1011 1378 obstnbst
1061 1322 1210 1388 juramento
1229 1325 1305 1376 etium
1325 1325 1486 1394 respondere
1504 1328 1603 1397 possit,
1619 1345 1646 1382 se
1664 1331 1779 1396 nescit-m
1800 1335 1878 1387 tacite

190 1419 417 1491 impedmmu„
427 1458 436 1484 2
447 1437 499 1485 ‹ttto
510 1419 599 1470 menn,
619 1415 670 1469 ribi
690 1413 828 1469 ,spurium
848 1427 938 1464 secure
951 1426 1008 1480 pro.
1046 1405 1250 1471 intelligendu,
1268 1407 1338 1476 quod
1360 1417 1476 1462 tenentur
1488 1410 1521 1462 ed
1536 1411 1710 1467 reiciendum.
1726 1414 1828 1468 Pariter
1839 1432 1880 1469 ss-

188 1505 335 1556 mitterem.
354 1504 425 1554 liuec
441 1501 570 1569 obligatio
593 1510 679 1554 sutem
698 1516 764 1567 quse
789 1495 871 1548 semel
890 1495 1010 1562 legitime
1060 1489 1192 1542 cettloisnt
1223 1490 1255 1543 tle
1286 1489 1453 1545 consessione
1484 1493 1691 1564 interrogatum,
1716 1498 1879 1568 respondere

190 1598 340 1650 contrertu,
360 1597 385 1638 et
402 1585 438 1640 its
464 1586 522 1651 inre
547 1595 657 1636 nnturse
680 1580 822 1644 subsistite
840 1597 893 1630 non
913 1577 1012 1648 poterit
1060 1591 1151 1642 posse,
1171 1575 1260 1628 etstnit
1277 1576 1401 1645 Lnymsc.
1419 1575 1438 1630 i.
1459 1590 1483 1630 2.
1502 1588 1536 1632 tr.
1559 1591 1584 1632 2.
1608 1597 1632 1633 c.
1655 1590 1698 1632 tt.
1712 1599 1741 1634 ιι.
1764 1592 1804 1634 tt.
1825 1583 1877 1636 ilc.

189 1673 247 1724 solo
271 1671 402 1740 principis
427 1671 550 1722 inundato
575 1685 609 1722 es
633 1666 764 1738 postfacto
794 1662 1010 1734 superueniente,
1062 1655 1152 1726 Beyer.
1169 1657 1460 1728 desigiii.euns.seet.
1482 1671 1507 1712 2.
1526 1681 1548 1716 c·
1566 1669 1623 1725 t·§.
1641 1674 1664 1716 2.
1677 1665 1730 1717 sm
1749 1669 1878 1735 supponit
1914 1661 1944 1706 ⁸⁸

190 1754 357 1824 impugnari.
383 1755 468 1806 Merite
493 1753 624 1821 siquidem
644 1769 677 1804 es
698 1749 825 1822 postiucto
851 1751 1009 1811 tolerentur,
1062 1741 1184 1796 incurius
1201 1743 1298 1813 aliique
1316 1743 1360 1794 dd.
1379 1762 1439 1797 cuin
1459 1763 1488 1798 co
1512 1745 1674 1811 sentientes,
1687 1753 1877 1802 reserretiouee

189 1853 257 1906 quse
275 1855 327 1890 non
347 1837 413 1890 incre
433 1837 561 1905 impediri
581 1835 740 1906 potuissent.
760 1834 815 1886 lice
830 1832 1010 1901 impedimen·
1061 1828 1187 1880 mentales
1206 1829 1233 1880 in
1252 1831 1410 1895 juramentis
1424 1831 1674 1901 esseiicitusrquss
1687 1845 1772 1886 temen
1790 1835 1879 1886 omni·

192 1928 247 1972 turn
273 1922 464 1989 superreuteos
490 1921 583 1973 tollere
602 1921 668 1973 solet
685 1929 772 1970 sctum
798 1918 880 1970 semel
907 1917 1011 1969 inesse
1059 1929 1093 1963 no
1113 1911 1347 1981 imprubnmns,et
1367 1922 1499 1982 temqusm
1520 1911 1685 1968 inllecierum
1704 1915 1880 1988 fraudumque

190 2003 344 2056 deductum.
368 2003 512 2056 Posteriori
533 2020 593 2055 sero
610 2020 671 2055 cesu
689 2003 820 2065 dicerem,
838 2000 934 2054 secreti
953 2000 1011 2051 rin·
1061 1995 1151 2064 plenus
1172 1997 1325 2062 rejicimus,
1340 1997 1393 2049 sid.
1414 1999 1461 2050 dn.
1483 1999 1591 2050 l’rneses
1609 2007 1687 2054 troes.
1700 1999 1795 2070 dejur.
1808 2017 1879 2055 sens.

189 2091 279 2140 cuium
301 2105 351 2140 nun
364 2085 486 2150 obstare,
500 2088 642 2157 quominus
655 2091 770 2141 revetere
782 2086 891 2151 debens,
904 2083 1010 2138 etiumsi
1062 2079 1165 2131 dissert.
1182 2095 1221 2133 tc.
1234 2101 1255 2136 e.
1271 2093 1293 2132 2.
1309 2099 1336 2133 n.
1352 2090 1393 2134 ts.
1409 2080 1482 2150 Quid
1501 2099 1564 2150 ergo
1583 2081 1731 2136 iaciendum
1752 2085 1879 2154 producto

191 2171 281 2224 snitirn
308 2185 396 2238 egetur
422 2173 455 2222 sd
476 2171 641 2240 puniendum
668 2171 876 2239 delinquentem.
904 2171 1009 2221 Pactum
1064 2163 1146 2216 testii
1165 2165 1348 2234 Respondebit
1366 2165 1425 2218 sinc
1444 2164 1549 2230 incende,
1570 2165 1623 2218 sibi
1647 2168 1755 2220 sliucde
1779 2170 1813 2223 de
1831 2171 1879 2226 lter
1916 2195 1949 2240 5,

189 2255 262 2306 enim
285 2253 333 2305 hoc
353 2255 451 2306 initum
464 2264 554 2307 coutru
569 2257 651 2321 lenem
667 2254 873 2322 proeceptirum,
886 2253 920 2305 nd
933 2269 1008 2321 quarn
1062 2264 1136 2298 ceusu
1156 2249 1226 2300 nihil
1247 2249 1362 2317 liquere,
1382 2251 1436 2302 nisi
1453 2259 1581 2319 quontuut
1600 2250 1653 2303 silsi
1673 2270 1687 2303 e
1706 2251 1878 2325 delinquente

193 2337 348 2390 serentrdnm
369 2337 473 2388 interno
492 2338 671 2390 custscientine
690 2354 758 2388 nexu
779 2337 928 2396 tenebaris,
942 2339 1011 2390 nrrde
1061 2335 1261 2398 corruentium
1275 2335 1308 2386 de
1326 2335 1375 2388 hcc
1393 2353 1453 2388 reto
1471 2353 1500 2388 se
1520 2335 1703 2390 testimonium
1723 2339 1812 2394 dicere
1824 2358 1878 2396 non

195 2421 246 2472 isne
261 2419 456 2489 incient,qnne
470 2423 591 2490 superins
610 2422 636 2472 ir.
653 2434 809 2487 cumn-st.
829 2422 857 2472 iu
877 2423 944 2474 hunc
955 2439 1009 2472 rem
1063 2437 1153 2487 posse,
1175 2439 1234 2472 cum
1262 2421 1365 2474 silentii
1388 2439 1458 2475 nexu
1484 2439 1513 2476 se
1538 2422 1694 2492 obligaverit
1718 2424 1879 2496 sleiinqenti.

189 2503 310 2554 eddurtu.
331 2505 366 2554 ιι
386 2505 464 2556 terito
484 2522 525 2556 me
543 2505 698 2574 expediam:
718 2505 741 2556 si
766 2504 839 2558 edsit
857 2503 1009 2556 mandatum
1054 2501 1137 2560 ⁴Sulis
1157 2521 1199 2556 res
1218 2514 1280 2568 erit,
1301 2503 1324 2555 si
1345 2503 1389 2555 iris
1406 2508 1554 2573 acquiescet
1572 2507 1668 2573 judex,
1680 2518 1705 2561 et
1721 2510 1879 2564 citeriorem

190 2587 325 2658 principis
345 2585 378 2638 de
397 2587 535 2640 reiciendo
554 2587 741 2656 tiriinquente;
761 2588 830 2638 urnis
850 2595 911 2638 tnnc
931 2587 1010 2638 siieu-
1060 2583 1256 2652 depositionem
1281 2604 1333 2638 nun
1360 2600 1462 2654 negem
1483 2588 1549 2656 quid
1575 2589 1599 2640 si
1617 2606 1680 2644 vero
1696 2592 1726 2642 in
1746 2591 1879 2661 principis

193 2672 263 2720 tium
284 2669 436 2738 promittie;
456 2669 526 2736 quod
552 2669 577 2721 si
597 2670 768 2740 promiseris,
789 2670 856 2721 bene
881 2668 938 2736 egis
960 2671 1010 2722 troo
1059 2667 1161 2735 judicio
1178 2669 1293 2738 agitetur
1311 2671 1505 2735 controversis,
1520 2672 1624 2740 quidsi
1639 2690 1734 2726 omnes
1752 2675 1879 2744 pronoen

184 2768 245 2822 ¹mm
266 2751 565 2815 mrenrtdu;reuuncins
584 2755 657 2804 enim
677 2752 715 2806 itn
733 2752 832 2804 deiietu
849 2762 1009 2804 entencum·
1062 2753 1138 2806 testis
1163 2755 1346 2807 executiones
1372 2754 1545 2822 rejiciendum
1563 2753 1628 2824 quid
1654 2757 1676 2808 si
1696 2773 1801 2812 carcere
1819 2769 1877 2812 ten·

190 2835 291 2898 misso,
312 2850 338 2887 et
357 2836 384 2886 id
403 2837 472 2904 ogis,
490 2837 523 2887 nd
541 2837 609 2904 quod
629 2836 707 2890 ductu
725 2835 905 2890 conscientiae
927 2838 956 2890 ii.
973 2836 1007 2889 ei·
1062 2835 1122 2888 dem
1143 2838 1182 2890 rei
1204 2849 1302 2890 tortum
1321 2837 1353 2890 nd
1373 2838 1531 2904 dicendum,
1550 2839 1619 2908 quoti
1639 2841 1691 2892 ulls
1711 2842 1813 2896 retiune
1831 2861 1878 2896 no·

188 2921 289 2975 Vlltiffl!
307 2921 475 2986 roristrittne,
493 2919 664 2988 obligarirnrie.
923 2923 930 2933 “
997 2961 1000 2968 .
1061 2920 1113 2985 rit,
1141 2919 1281 2990 odiretur?
1307 2924 1520 2994 Responsiunetn
1546 2941 1578 2978 ex
1603 2924 1683 2980 motin
1704 2926 1878 2997 sequentibus

230 3008 282 3062 Sed
301 3007 367 3076 quid
391 3007 428 3060 its
455 3007 488 3059 de
506 3007 631 3059 ecciesiae
657 3004 791 3057 ministris
813 3004 902 3069 dices,
921 3005 942 3056 si
962 3003 1008 3069 iti,
1061 3003 1168 3058 inaurire
1186 3005 1289 3058 licebit.

189 3104 325 3162 postquem
347 3091 499 3144 nteridotum
519 3091 653 3160 principis
671 3089 704 3142 de
731 3089 871 3141 reteiundo
891 3087 1010 3156 publico·
1096 3087 1144 3140 lV.
1170 3087 1342 3142 Credentism
1368 3089 1442 3144 licite
1466 3091 1578 3144 reeolnri
1604 3102 1741 3159 esserunt,
1760 3091 1783 3147 si
1800 3111 1878 3164 genre
1913 3116 1948 3159 ee

189 3187 263 3238 tum,
279 3192 324 3246 per
335 3175 530 3227 confessionem
546 3175 583 3227 rei
604 3174 728 3227 notitiam
742 3172 873 3226 consecuti
890 3168 1010 3224 luerint?
1064 3171 1194 3224 Duntnum
1214 3191 1267 3224 nun
1288 3175 1430 3228 retenuit·
1448 3193 1481 3228 es
1503 3178 1642 3232 reticentis
1653 3179 1771 3242 orietur,
1785 3181 1879 3252 steph.

187 3257 325 3327 Negnbtsrtt
347 3261 394 3310 noo
414 3275 466 3308 uno
485 3274 530 3308 ors
542 3273 650 3320 omnes,
662 3274 721 3308 euru
740 3256 886 3322 ubiigoturu
907 3253 1007 3308 essenti
1060 3277 1074 3310 s
1095 3273 1116 3307 s.
1136 3257 1208 3308 Pstui.
1226 3256 1308 3309 tireei.
1321 3274 1391 3309 mor.
1403 3267 1436 3310 tr.
1452 3268 1475 3308 t.
1488 3259 1555 3318 dien.
1571 3271 1596 3312 2.
1613 3260 1675 3314 duh.
1689 3273 1752 3314 s.tt.
1769 3273 1808 3317 tt.
1825 3282 1878 3333 qne

190 3343 369 3396 confessionis
389 3345 585 3396 revelationem.
606 3343 723 3395 Admitto
735 3342 783 3392 itur
796 3340 887 3404 isciie,
899 3340 961 3409 quie
976 3339 1009 3392 de
1059 3338 1092 3390 de
1111 3355 1140 3392 re
1157 3339 1195 3392 itu
1212 3340 1333 3408 Lnymsn·
1353 3341 1545 3398 seminent.
1566 3358 1588 3398 2.
1608 3354 1642 3397 tr.
1663 3358 1685 3398 2.
1696 3363 1724 3414 p.
1740 3357 1764 3399 2.
1776 3365 1799 3400 c.
1813 3357 1837 3400 t.
1850 3367 1878 3402 ιι.

190 3422 234 3477 isis
254 3443 306 3478 non
326 3427 439 3478 sensisse
459 3427 607 3496 principem
626 3425 764 3496 probabile
774 3436 830 3488 est,
843 3425 937 3478 delicti
951 3441 1007 3476 mn·
1063 3433 1086 3472 t.
1105 3439 1172 3476 vers.
1191 3425 1281 3477 tertia.
1301 3425 1398 3478 Cessat
1414 3425 1512 3478 secreti
1527 3425 1675 3497 antipatro,
1694 3429 1806 3498 quondo
1818 3429 1879 3484 sine

191 3509 392 3562 niieetutiunem
420 3509 590 3577 injungendo.
610 3509 682 3578 Quid
708 3527 769 3561 serc
796 3510 818 3561 si
840 3509 965 3578 princeps
983 3517 1010 3560 et
1060 3507 1184 3559 ntosimo
1195 3507 1353 3561 detrimento
1363 3507 1493 3576 propriae
1506 3509 1577 3564 sitae
1595 3521 1643 3564 out
1651 3509 1756 3577 somne
1767 3511 1880 3567 servari

189 3595 240 3648 hcc
266 3593 444 3658 mandatoris,
463 3605 489 3646 ut
511 3611 674 3662 quecumque
700 3593 801 3647 rstiunc
826 3592 951 3645 notitiam
970 3589 1009 3645 rei
1059 3591 1878 3661 conpotestsqnianesnecensendutest,prorsduendose·

187 3678 250 3750 quis
261 3689 435 3741 cuttsecutus,
448 3677 553 3729 etiamsi
575 3677 699 3729 minister
718 3675 844 3730 ecclcsise
857 3692 889 3727 ex
909 3674 1010 3727 eunies·
1059 3686 1161 3728 cretum
1172 3675 1255 3728 etium
1269 3679 1307 3732 oei
1319 3679 1403 3731 tuiem
1415 3695 1510 3732 cesum
1524 3677 1718 3750 obligationem
1731 3682 1877 3736 extendere

190 3762 268 3814 siune
287 3759 394 3815 haberet
413 3778 486 3824 cern,
505 3759 678 3814 rereinreriti
695 3759 912 3829 Respondebuut:
934 3759 1008 3829 prin·
1059 3760 1876 3832 sciuisse,tedpotiusquispueproesumitnreaeerdineeise·

188 3845 245 3913 cipi
265 3845 336 3895 ιιιιΙΙιι
357 3845 384 3896 in
405 3846 544 3896 ministros
563 3847 708 3909 euctestte,
726 3843 812 3914 quoad
835 3861 865 3896 es
883 3861 950 3914 quoe
966 3862 1009 3897 cr·
1058 3845 1149 3898 ritutir
1171 3847 1312 3915 propriam
1338 3845 1553 3900 incolumitatem
1573 3848 1684 3900 elisisse
1702 3856 1875 3914 orrtepenere.

193 3927 268 3978 dinis
287 3937 364 3990 sunt,
378 3939 492 3996 potentes
510 3937 696 3994 esttergoneu
710 3929 862 3978 insudatum
876 3943 903 3978 se
917 3935 1009 3978 exten·
1057 3928 1117 3983 lion
1136 3929 1308 4000 rejiciendam
1329 3939 1392 4000 puio
1411 3931 1478 3982 ltenc
1496 3932 1673 3995 sententium,
1693 3929 1770 3983 motio
1788 3931 1875 4000 gmri-
1913 3943 1944 3988 ti

191 4011 256 4063 dere
273 4011 306 4062 eti
325 4010 442 4078 sigillum
461 4009 647 4062 conictslottlt·
666 4011 752 4068 Furiis
771 4011 821 4062 1¹⁰0
839 4011 965 4077 largirer,
983 4011 1007 4063 21
1058 4029 1095 4071 tes
1115 4017 1205 4071 sisinni
1218 4028 1361 4070 consternet
1378 4017 1466 4088 ipsum
1485 4032 1580 4087 corpus
1602 4015 1740 4068 silentium
1758 4015 1875 4085 premii·

191 4101 362 4164 praeceptum
381 4092 566 4145 ostenderetur
583 4091 701 4143 divinum
728 4093 761 4144 tle
780 4092 929 4145 reticendae
948 4110 1009 4146 con-
1058 4100 1151 4162 tenti„
1169 4119 1216 4152 eeu
1233 4111 1374 4154 concernat
1394 4100 1439 4164 id,
1457 4101 1500 4152 cui
1519 4117 1547 4152 se
1566 4101 1698 4168 subjicere
1715 4103 1807 4154 rolens
1820 4119 1875 4156 non

192 4175 319 4230 sessionis
338 4177 497 4229 necessitate.
516 4179 573 4230 lloc
592 4176 729 4234 deficiente
748 4189 774 4228 et
794 4177 917 4230 mandato
935 4179 1008 4248 prin·
1060 4187 1157 4254 potnit.
1174 4186 1253 4238 Unde
1271 4201 1360 4237 serum
1381 4195 1461 4254 pnto,
1473 4185 1496 4234 si
1512 4199 1559 4251 ego
1576 4195 1674 4238 secretu
1695 4191 1738 4244 tun
1758 4185 1873 4238 revelare
1911 4203 1943 4250 es

194 4261 265 4332 cipis
287 4259 482 4314 ⁶⁰i¹s⁸⁵il⁰¹¹0m
507 4261 702 4331 dimidium·
729 4279 781 4314 ¹¹⁰⁰
804 4262 897 4324 litim»
915 4280 948 4314 ¹¹¹
974 4261 1007 4312 ib
1061 4274 1152 4325 nolens
1172 4281 1288 4324 torturae
1307 4269 1489 4338 subjiciendus
1514 4269 1582 4335 sim,
1603 4287 1655 4322 nun
1676 4267 1764 4322 teneri
1783 4287 1826 4321 me
1842 4269 1875 4322 etl

191 4347 321 4416 obsequio
335 4347 458 4402 mundato
469 4348 600 4420 principis
612 4349 830 4418 praestandu,se
845 4357 899 4400 tntu
918 4363 1006 4400 esern-
1060 4354 1107 4405 hos
1123 4355 1254 4406 eructum
1282 4353 1444 4412 subeundum
1463 4369 1523 4404 cum
1550 4351 1693 4422 promissio
1720 4349 1823 4404 silentii
1841 4349 1875 4404 sd

186 4442 267 4508 ¹ptum
276 4434 363 4486 dicere
372 4433 463 4502 possit·
472 4435 524 4486 ned
534 4431 889 4486 itnecunmiusslroniiorum
899 4431 1006 4499 judicio.
1057 4453 1153 4506 corpus
1165 4455 1249 4506 usque
1267 4453 1353 4489 meum
1368 4453 1395 4488 se
1409 4435 1553 4490 extendere
1567 4453 1619 4493 nou
1634 4435 1762 4506 potuerit,
1774 4441 1876 4507 quippe

226 4513 424 4569 Nondiiiiciiis
443 4516 494 4582 jam
514 4515 605 4569 derisu
623 4515 741 4586 qrnestiu
759 4526 814 4567 ests
831 4533 881 4578 sn,
899 4515 946 4584 qui
964 4531 1004 4566 se·
1057 4519 1128 4589 quud
1148 4538 1196 4575 nec
1213 4535 1340 4589 expresse
1357 4518 1475 4586 obligure
1501 4527 1641 4588 potorum,
1660 4536 1714 4588 erg·
1733 4519 1751 4571 i.
1778 4531 1817 4572 ts.
1832 4537 1876 4588 pr.

189 4615 260 4657 ctettt
278 4603 326 4653 stri)
344 4600 448 4653 silentii
468 4591 522 4651 iltle
537 4600 624 4662 nerii,
638 4600 661 4650 si
675 4600 702 4650 in
720 4606 813 4650 testem
832 4599 1005 4668 producsittr,
1047 4602 1090 4672 ff.
1103 4603 1141 4658 ad
1151 4602 1171 4655 1.
1184 4603 1276 4674 aquid
1289 4603 1347 4656 inno
1367 4604 1389 4656 ei
1410 4603 1528 4656 revelnre
1546 4613 1648 4668 teneor,
1666 4602 1771 4672 qnando
1790 4619 1877 4656 secre-

188 4687 266 4740 licite
283 4697 411 4740 secretum
425 4685 546 4741 sentisse
564 4682 670 4754 possiti
689 4681 766 4754 Qnud
785 4679 935 4750 nugantium
955 4700 1005 4752 pu·
1058 4698 1112 4740 tum
1133 4687 1215 4756 vergit
1233 4688 1262 4738 ic
1280 4686 1405 4742 dnmcum
1430 4688 1554 4750 alterins„
1571 4703 1652 4758 quere
1677 4704 1730 4739 non
1751 4703 1872 4757 possem,

193 4780 238 4834 tc,
258 4769 282 4822 si
301 4769 333 4822 de
352 4769 446 4826 delicto
470 4769 612 4822 cotrtmisso
627 4765 754 4837 ¹quaestio
773 4766 815 4818 sit.
835 4765 911 4818 ttotto
930 4781 1005 4834 supe·
1056 4771 1078 4823 ei
1099 4771 1169 4822 niiiii
1188 4771 1241 4840 ipsi
1261 4770 1386 4824 damnum
1407 4769 1577 4838 immineret,
1600 4771 1694 4840 steph.
1712 4769 1868 4838 l'netmdes,

189 4855 247 4908 rius
264 4855 339 4918 elutos
356 4856 419 4926 quie
437 4854 565 4921 obtigutio
590 4857 624 4906 de
643 4857 699 4921 jure
725 4863 835 4906 uniusne
860 4847 1007 4904 eiiii-ociter
1057 4854 1285 4928 addecoiogdib.
1300 4865 1434 4914 tt.c.n.rr.
1454 4867 1477 4906 9-
1498 4855 1568 4908 Less·
1587 4853 1620 4908 de
1627 4873 1650 4922 J
1669 4864 1695 4908 ei
1709 4853 1729 4922 1⁶.
1750 4853 1796 4907 iib-
1811 4863 1835 4904 2.
1848 4871 1871 4907 c·

189 4951 215 4994 et
232 4940 353 5008 legitime
372 4939 498 4993 inducte.
511 4955 563 4990 nou
579 4948 667 5006 potest
685 4953 734 5006 per
750 4937 866 5003 judicem
886 4937 1005 4988 testimo·
1060 4952 1100 4995 tt.
1112 4942 1174 4997 dub.
1189 4953 1214 4993 t.
1227 4959 1256 4992 ιι.
1272 4949 1313 4990 et.
1324 4955 1379 5008 seq.
1396 4938 1450 4996 Nec
1463 4938 1588 5004 interest,
1599 4956 1632 4990 eu
1646 4938 1691 4990 ntt
1711 4937 1875 4991 resolutione
1910 4965 1942 5011 ς,

112 5061 115 5066 -
189 5023 265 5076 nium
288 5025 436 5092 exigentem
465 5022 534 5074 tolli·
552 5021 630 5075 Untle
648 5039 702 5079 nen
725 5019 885 5076 ndmittendn
904 5020 1005 5073 decisio
1056 5029 1108 5078 sits
1125 5027 1237 5078 citerius
1255 5023 1443 5094 periclitetnrs
1463 5042 1524 5077 usin
1544 5034 1572 5077 et
1591 5024 1658 5076 instro
1676 5040 1723 5091 eqo
1742 5021 1869 5078 crucinti-

187 5109 328 5164 Schradeti
341 5105 471 5178 defeud-
487 5125 514 5175 p.
535 5117 559 5156 2.
577 5124 599 5160 c.
619 5119 643 5158 2.
663 5125 690 5160 ιι.
711 5119 754 5159 22.
776 5106 924 5160 Verseiluns
945 5121 1003 5174 pro-
1055 5107 1104 5160 bns
1121 5107 1240 5178 corporis
1260 5107 1312 5158 mei
1331 5121 1486 5160 conseruere
1511 5125 1565 5160 non
1588 5116 1689 5160 teneor.
1714 5107 1819 5160 iiiuiice
1838 5106 1872 5162 de

186 5195 297 5248 ductum
309 5193 345 5246 tn
358 5204 451 5248 testem
465 5191 819 5258 essctredonrintsm‚teneri
832 5201 931 5244 secreta
945 5192 1003 5257 ejus
1051 5192 1074 5262 1'.
1087 5203 1114 5246 et
1122 5193 1145 5263 1⁹.
1163 5201 1242 5246 trost.
1264 5201 1287 5242 t.
1305 5191 1434 5258 disper.
1453 5209 1479 5243 ιι.
1502 5201 1542 5245 tc.
1560 5193 1630 5261 quud
1648 5191 1671 5246 si
1692 5200 1780 5244 temen
1801 5191 1871 5243 milti
1908 5213 1941 5258 η

178 5280 322 5342 nesciere,
337 5295 391 5331 non
408 5277 527 5331 olsstente
546 5279 696 5344 juramento
714 5287 791 5329 entes
810 5275 956 5346 preestito,
975 5291 1005 5329 te
1056 5259 1164 5329 honoris
1183 5277 1272 5328 seltins
1291 5273 1454 5345 perictducs,
1472 5275 1549 5328 elteri
1571 5275 1639 5329 sitne
1655 5275 1813 5340 imminent,
1832 5275 1873 5327 ri·

185 5362 214 5414 id
232 5378 288 5416 ιιοιι
306 5360 446 5414 lecturum.
465 5361 495 5414 Si
515 5363 588 5412 enim
601 5363 683 5412 licite
707 5362 806 5428 justrit
823 5361 857 5412 de
875 5361 1004 5413 serrendo
1054 5361 1136 5412 deor
1152 5360 1183 5411 sd
1203 5360 1252 5412 itoc
1264 5359 1428 5430 pericnlum,
1441 5371 1571 5428 {umquem
1583 5360 1671 5412 levius
1691 5377 1740 5430 pro
1757 5359 1873 5413 liberen-

184 5455 306 5510 secreto,
333 5445 432 5497 illicite
458 5445 521 5498 ltnec
546 5462 599 5498 nou
630 5454 730 5508 serent,
757 5445 818 5499 iicet
842 5446 1002 5497 contrariam
1055 5445 1088 5496 de
1105 5443 1216 5496 citerius
1235 5443 1288 5496 rite
1306 5442 1471 5496 subeundum
1497 5443 1642 5513 obligemus
1666 5459 1756 5496 sercrn
1775 5454 1802 5496 et
1818 5443 1872 5496 cir·
1977 5459 1989 5488 s

185 5527 329 5582 §chroderi
349 5531 511 5582 sententiam
530 5529 699 5583 communius
710 5530 810 5582 sessuri
824 5539 937 5584 testetur.
952 5529 1002 5581 ile·
1047 5529 1226 5582 eumstsntius
1244 5527 1414 5584 etteudendes
1432 5545 1488 5583 esse
1501 5539 1610 5582 monent
1622 5529 1788 5589 rnorulistee.
1801 5531 1869 5584 inter

183 5611 253 5666 sien.
268 5629 310 5682 pr.
323 5611 401 5664 erim.
415 5611 465 5665 iii.
477 5624 537 5666 Μ.
555 5624 595 5666 tt.
607 5631 635 5666 ιι.
648 5621 690 5666 tt.
709 5609 816 5664 Confer.
834 5609 949 5678 Koeuig.
969 5608 1002 5663 tie
1046 5627 1120 5679 quos
1139 5610 1200 5664 side
1216 5613 1313 5664 liiuiiu.
1332 5612 1358 5664 ri.
1373 5612 1398 5666 d.
1418 5623 1460 5665 22.
1478 5629 1507 5665 ιι.
1529 5624 1568 5666 tt.
1588 5611 1710 5682 leytnen.
1727 5613 1754 5666 ri.
1764 5614 1783 5665 i.
1802 5631 1829 5668 ιι.
1843 5625 1867 5670 2.

186 5693 272 5752 etesiis·
283 5695 436 5750 somnient.
446 5715 473 5766 p.
487 5706 530 5751 ss.
542 5711 599 5754 sus.
613 5707 637 5750 2.
650 5697 703 5750 nu.
722 5693 869 5752 Bruunem.
885 5710 1002 5766 process.
1053 5695 1081 5748 in
1085 5693 1143 5766 fin.
1162 5714 1287 5768 quorsum
1306 5695 1444 5752 breeitstis
1463 5710 1541 5751 esces
1560 5713 1602 5750 me
1620 5697 1740 5752 remitto.
