4282 6274
435 333 503 390 tnqq
958 310 1149 376 DlSPUTAT.
1166 311 1257 368 xxti.
1274 311 1399 370 CAPFT'
1411 315 1458 370 Ν.
1945 333 2000 370 tros

373 412 493 464 miltun
512 411 725 482 insequentibus.
744 413 773 468 in
792 412 1193 476 neiemsnssrit.sctrrs‹ter.p.
1222 421 1362 483 ¹meorum
1378 429 1535 482 progressos
1552 413 1705 483 promovit,
1724 421 1753 466 ut
1773 411 1882 466 felicem
1900 413 1969 466 bano
1990 415 2039 470 ste
2083 413 2084 416 ’

354 513 357 522 ’
377 509 402 548 t·
420 513 443 548 c.
465 506 488 550 t.
502 516 535 549 er.
557 511 598 550 tt.
619 500 774 552 liosenthal.
790 517 815 556 o·
836 510 876 552 to.
894 498 981 552 conci.
1003 509 1043 550 ts.
1056 513 1083 548 n.
1098 507 1122 546 t.
1134 511 1190 566 sep·
1244 495 1359 566 phonem
1381 493 1438 546 illis
1458 512 1528 548 nuno
1547 496 1644 548 salsum
1658 497 1810 564 imponere·
1828 499 1860 548 ln
1879 516 1930 566 qno
1942 515 1985 550 oon
2000 503 2034 552 ni·

267 587 337 642 ,ιη
376 580 612 648 Quindeseruisss
632 584 686 636 dici
706 601 758 636 non
777 594 874 653 potest,
898 581 943 652 qui
970 597 1076 648 semper
1095 581 1193 632 mansit
1245 595 1297 630 nus
1316 577 1443 630 victorine
1465 592 1648 644 argrrmenturn
1666 581 2042 646 collooo,etimrnortalrsin·

369 663 403 723 ῥυ
422 665 495 726 noio.
515 667 580 720 licet
597 667 740 736 aliquando
758 667 900 718 eonsilium
919 662 1060 718 deserendi
1080 661 1191 728 inierit,
1245 663 1350 714 mortali
1364 661 1475 714 Nursini
1497 663 1592 722 desolo
1610 675 1717 734 pectore
1736 665 1834 731 gratias
1855 667 1965 719 exsulto
1975 669 2041 734 Spalis
2083 723 2084 726 ,

344 752 349 762 ’
375 749 420 800 sed
442 767 495 800 non
513 741 639 804 executus
659 750 749 806 luerit.
1244 767 1258 799 s
1278 746 1366 800 lavore
1387 761 1430 801 tuo
1449 749 1475 799 b.
1494 748 1512 798 l.
1531 750 1685 818 praestolor.
1705 750 1819 820 indulge
1831 751 1970 804 eandorem
1983 753 2041 806 inis·
2083 809 2084 812 ,

288 829 338 886 t'lo
412 833 479 887 Puto
497 845 638 903 pugnatum
653 836 775 897 satis,et
788 840 1016 904 tompus.esse‚ot
1028 839 1138 882 munior
1151 846 1193 882 re·
1245 832 1475 900 terpretnnslmin
1496 832 1629 885 censendo
1650 833 1805 888 modestiam
1826 837 2040 904 imponuntur

303 908 308 914 ’
372 918 473 986 ceptui.
485 919 538 986 Qui
554 934 586 972 est
605 921 662 972 scis
679 917 823 980 decedunt,
843 917 895 971 sibi
916 917 949 968 de
966 914 1077 969 victoria
1093 925 1194 984 etspo-
1245 919 1384 971 solentium
1401 917 1487 970 tribue
1501 918 1529 968 in
1544 918 1811 988 corrigendo,ut,si
1825 919 1938 990 probari
1949 937 2044 993 non-ns

372 1001 419 1054 liis
439 1006 609 1068 aemulantur.
628 1003 698 1054 Mihi
718 1003 845 1056 victoriae
863 1001 930 1056 duco
943 1016 1080 1069 srrpsrssse
1093 999 1196 1052 labores
1247 1017 1321 1068 ress,
1338 1013 1425 1056 tameo
1439 1017 1558 1056 excuser.
1692 989 1704 1000 -.

372 1095 401 1136 et
419 1083 608 1149 difficultates,
625 1104 736 1156 quarum
750 1085 818 1138 haud
834 1101 914 1154 penos
926 1091 1098 1137 occorrsmnt
1110 1092 1137 1135 et
1148 1099 1194 1135 sn·
1216 1099 1217 1102 ¹

372 1169 486 1236 stipitem
500 1173 628 1241 propositi
642 1183 740 1226 memet
754 1170 938 1223 reddiderunt.
952 1171 983 1221 ln
996 1187 1049 1239 quo
1061 1169 1194 1236 singulm

376 1255 428 1312 net
449 1273 546 1308 nouom
570 1274 698 1324 agnosco,
723 1257 771 1328 qui
790 1255 854 1310 sslso
877 1256 1023 1308 clementer
1045 1253 1194 1307 studiorum
1225 1323 1227 1326 1
1565 1255 1587 1308 F
1606 1256 1619 1308 1
1638 1255 1663 1310 il
1681 1257 1695 1310 l
1712 1257 1743 1312 8.

800 1455 1134 1532 ntsrttrat‘to
1160 1453 1427 1572 vlttusttttn
1448 1459 1655 1539 Tenum

579 1663 681 1775 eu
733 1662 993 1782 duddo
1046 1665 1376 1784 dimidii
1426 1671 1529 1782 tud
1581 1671 1870 1800 duddo.

935 1920 989 1964 ttut
1010 1920 1083 1966 XIV·
1107 1921 1214 1964 nhil..
1238 1919 1322 1964 Anno
1347 1921 1521 1964 uncuxtx.

1051 2082 1393 2124 strennuum

722 2215 939 2288 Ctsrtno
955 2217 1182 2300 HEINRICO
1206 2219 1403 2304 HORMO,
1424 2217 1577 2287 FliElB.
1596 2219 1718 2294 llllSN.

943 2395 1500 2442 ι--ψ--α

519 2575 582 2643 ΙΝ
596 2575 808 2646 NOMINE
827 2575 951 2646 EIUS
960 2627 971 2659 ,
987 2573 1081 2644 CUI
1094 2573 1243 2642 OMNE
1258 2573 1286 2640 J
1292 2574 1439 2642 UDICI
1446 2575 1522 2642 ΠΜ
1541 2563 1715 2643 DEDIT
1727 2567 1924 2640 PATER.

456 2767 518 2833 uod
548 2769 675 2858 corpori
706 2770 848 2836 naturali
876 2767 1023 2835 medicus
1051 2777 1216 2858 praestare
1238 2768 1339 2838 solet.
1364 2767 1399 2832 id
1423 2769 1550 2858 corpori
1578 2764 1691 2832 morali
1719 2783 1888 2856 proestare
1907 2765 2047 2858 jndicem,

383 2875 452 2920 nou
476 2859 534 2924 abs
558 2859 726 2940 redixit,
751 2863 811 2950 qui
836 2861 936 2925 dixit.
965 2861 1057 2926 Ii'ov.
1085 2855 1169 2923 III.
1195 2859 1230 2924 in
1251 2859 1407 2950 praefat.
1425 2861 1551 2948 justin.
1576 2856 1678 2925 edict.
1698 2855 1728 2922 5.
1746 2857 1853 2922 Sicuti
1880 2861 1972 2923 enim
1996 2881 2047 2922 me·

385 2943 459 3014 dico
491 2950 671 3016 necessarie
700 2949 831 3043 indiget
858 2971 976 3040 corpus
1005 2949 1212 3030 humanum,
1237 2961 1274 3014 ut
1300 2949 1445 3014 membra
1476 2949 1568 3016 illius
1596 2945 1745 3014 morbosa
1771 2945 1811 3011 ad
1836 2947 2046 3014 valetudinem

385 3037 557 3122 pristinam
582 3037 738 3122 reducat,
766 3041 816 3108 rel
840 3041 867 3105 si
892 3064 965 3130 spes
986 3041 1095 3104 omnis
1117 3039 1279 3130 collapsa,
1303 3063 1321 3104 a
1345 3061 1479 3130 corpore
1502 3057 1648 3129 separet,
1667 3059 1708 3102 ne
1732 3061 1809 3102 curn
1834 3051 1933 3128 parte
1957 3055 2047 3128 pereat

386 3137 515 3214 totum,
542 3129 585 3192 ita
611 3151 747 3221 quoque
770 3129 956 3218 respublica
979 3127 1095 3194 eodem
1119 3129 1217 3195 modo
1238 3152 1321 3220 opus
1345 3129 1445 3196 babet
1470 3129 1603 3219 judice,
1628 3129 1688 3219 qui
1719 3127 1870 3194 membra
1904 3127 2047 3196 societatis

386 3217 521 3304 putrida
545 3217 676 3284 studeat
697 3222 881 3312 corrigere,
905 3219 958 3286 rel
981 3220 1008 3285 si
1034 3217 1069 3284 id
1092 3217 1161 3284 lieri
1188 3223 1255 3285 non
1280 3219 1397 3310 possit,
1424 3219 1522 3310 plane
1546 3217 1739 3300 abscindat,
1766 3241 1808 3284 ne
1832 3243 1914 3312 pars
1938 3221 2046 3285 sincera

385 3307 540 3373 trabatur
563 3307 714 3376 insimul.
741 3309 890 3377 Medicus
914 3333 1011 3400 porro
1034 3321 1082 3374 est
1105 3333 1122 3374 a
1147 3307 1240 3390 Deo,
1264 3328 1298 3376 et
1319 3309 1383 3375 Dei
1413 3307 1601 3376 ordinatio:
1634 3309 1681 3376 sic
1710 3307 1812 3399 judea
1840 3313 1948 3376 etiam
1976 3325 2048 3374 ests

385 3395 478 3478 Deo,
504 3421 747 3491 personamque
771 3401 862 3468 illius
887 3401 922 3465 iu
946 3401 1044 3466 terris
1067 3412 1299 3490 repraesentat.
1323 3397 1474 3465 Medicus
1499 3423 1635 3492 quoque
1658 3399 1783 3466 honore
1805 3398 2049 3479 efficiendus,et

384 3487 506 3554 stultus
530 3488 613 3554 soret
636 3509 810 3584 aegrotus,
834 3493 901 3556 imo
925 3491 1070 3580 impius,
1091 3489 1152 3578 qni
1177 3489 1270 3554 illum
1298 3489 1468 3576 laederet,-
1493 3491 1606 3556 eadem
1639 3488 1768 3556 ratione
1803 3491 1909 3580 judea
1935 3503 1983 3558 est
2004 3489 2047 3556 lto

384 3577 578 3654 iterandus,
603 3584 763 3674 nullaque
787 3583 912 3670 injuria
936 3577 1151 3648 lacessendus.
1175 3577 1309 3644 Scilicet
1333 3591 1441 3643 sancta
1470 3579 1560 3646 illius
1582 3596 1631 3646 est
1655 3602 1814 3669 persona,
1838 3582 2048 3674 religiosoque

384 3668 428 3732 ob
451 3671 609 3734 omuibus
631 3673 779 3739 colenda.
805 3673 893 3738 Huic
917 3689 1027 3736 tamen
1052 3684 1172 3735 asserto
1194 3689 1261 3732 non
1288 3691 1406 3756 parum
1430 3669 1584 3736 relraeari
1617 3670 1750 3736 ridetur
1776 3670 1957 3761 vulgatum
1981 3667 2048 3738 illud

384 3777 419 3824 et
440 3759 523 3824 Jctis
549 3782 613 3826 nou
641 3765 865 3855 incognitum:
883 3762 999 3852 judex
1021 3760 1066 3827 de
1076 3759 1185 3850 sacto
1203 3758 1415 3850 procedens,
1439 3760 1483 3826 de
1494 3723 1602 3850 sacto
1620 3773 1734 3848 potest
1756 3767 1935 3828 contemni
1949 3761 2049 3850 illique

244 3847 261 3868 ''
383 3853 512 3916 resisti.
538 3850 640 3937 Quod
666 3853 891 3919 brocardicum
917 3855 1002 3918 sicut
1027 3853 1063 3916 in
1088 3863 1232 3938 utroque
1257 3853 1330 3940 jure
1355 3871 1420 3912 nou
1444 3849 1644 3916 destituitur
1659 3851 1730 3916 suis
1747 3851 2047 3939 fundamentissitt

386 3963 440 4005 me
464 3941 623 4030 impulit,
648 3957 687 4009 ut
712 3945 747 4008 in
771 3944 943 4009 veritatem
967 3941 1060 4007 illius
1084 3940 1143 4006 hoc
1166 3957 1337 4028 tempore,
1367 3959 1438 4028 quo
1466 3958 1544 4006 ante
1571 3939 1745 4007 discessum
1773 3965 1816 4008 ex
1847 3943 1911 4010 hac
1942 3941 2047 4011 illustri

386 4029 538 4095 siadrina
564 4033 755 4100 studiorum
779 4034 944 4122 specimen
969 4030 1056 4109 illis,
1079 4031 1202 4122 quibus
1227 4030 1310 4092 ratio
1333 4051 1448 4093 eorum
1474 4029 1660 4111 reddenda,
1684 4030 1879 4113 edendum,
1899 4031 2047 4126 paulosl·

382 4122 453 4186 tius
479 4123 652 4212 inquirere
675 4125 915 4190 constituerim.
942 4121 1128 4212 Equidem,
1154 4143 1195 4184 ne
1219 4115 1303 4208 quid
1328 4117 1554 4203 dissimulem,
1577 4119 1620 4185 ab
1645 4119 1743 4186 initio
1766 4125 1885 4190 animo
1909 4125 2047 4200 sedebat,

384 4211 494 4276 dicere
518 4211 680 4304 quaedam
704 4213 746 4279 de
771 4214 811 4280 iis
836 4211 989 4302 juribus,
1012 4211 1138 4302 quibus
1161 4210 1266 4302 putria
1290 4231 1360 4272 mea
1384 4209 1571 4276 charissima
1598 4233 1675 4300 prae
1703 4210 1777 4277 aliis
1805 4215 1931 4300 claret,
1956 4235 2047 4280 amore

384 4301 420 4364 in
449 4301 538 4368 illam
563 4302 602 4368 ad
628 4303 662 4370 id
686 4303 860 4370 adductus.
886 4301 1014 4372 Verum
1039 4313 1166 4367 mutato
1188 4297 1232 4365 ob
1255 4321 1367 4380 causas
1420 4311 1611 4390 raegnantes
1639 4301 1795 4387 consilio,
1819 4327 1835 4369 e
1863 4317 1981 4396 coepto
2003 4303 2047 4369 de·

386 4392 478 4468 stiti,
504 4392 610 4484 inque
633 4393 725 4460 aliud
748 4391 952 4460 commodius
975 4411 1103 4481 tempus
1127 4387 1161 4454 iti
1186 4389 1363 4456 reservavi.
1388 4323 1519 4456 ΙΕΙεουίῑ
1542 4401 1655 4456 autem
1680 4391 1763 4458 banc
1787 4396 1997 4484 potissimum
2017 4415 2047 4458 ss

385 4481 525 4548 infinitis
548 4482 623 4549 aliis
644 4483 783 4575 seligere
807 4484 999 4567 materiam,
1022 4482 1100 4571 quia
1117 4503 1211 4545 casus
1233 4481 1401 4560 continet,
1424 4477 1576 4570 quotidie
1601 4505 1662 4546 usu
1688 4479 1749 4548 lori
1767 4484 1832 4570 (ad
1850 4511 1954 4578 quem
1972 4507 2047 4577 pras·

384 4572 482 4660 cipue
506 4573 654 4640 studium
680 4587 830 4642 uostrum
854 4572 956 4664 dirigi
980 4571 1105 4660 debet)
1128 4569 1366 4650 obvenientes,
1391 4588 1423 4634 et
1447 4572 1480 4637 in
1505 4570 1633 4661 quibus
1658 4593 1724 4636 non
1748 4599 1880 4665 semper
1906 4571 2045 4644 licentad

383 4661 486 4729 libros
510 4689 700 4748 recurrere,
724 4664 780 4732 sed
806 4663 975 4731 interdum
999 4673 1105 4740 stante
1129 4657 1213 4749 pede
1239 4655 1325 4749 qnid
1349 4657 1577 4736 statuendum.
1609 4663 1723 4754 Atque
1752 4663 1827 4732 ideo
1857 4691 1926 4732 non
1954 4667 2044 4732 deter-

382 4754 453 4820 r'uit
468 4778 485 4818 a
503 4757 691 4844 proposito,
715 4754 807 4846 quod
825 4754 927 4820 multa
953 4749 1129 4818 hincinde
1152 4747 1242 4839 apud
1266 4747 1326 4814 dd.
1343 4747 1402 4816 bac
1425 4752 1525 4818 dere
1548 4751 1666 4818 tradita
1692 4753 1922 4824 inveniuntur
1930 4783 1944 4844 ,¹
1966 4757 2045 4823 adeo·

384 4868 451 4932 que
476 4869 754 4932 supervacaneum
775 4845 879 4912 rideri
906 4855 1051 4934 poteret,
1074 4841 1239 4907 crambem
1264 4840 1359 4905 toties
1381 4857 1504 4908 coctam
1528 4842 1649 4908 iterum
1676 4865 1866 4933 apponere:
1892 4873 1968 4916 cum
1991 4867 2042 4912 nos

384 4933 488 5000 luerit
510 4936 644 5000 animus
667 4935 783 5001 dooere
806 4935 907 5014 alios,
932 4932 1021 5024 qnod
1046 4952 1113 4998 non
1137 4928 1370 5023 possum,-eed
1396 4947 1525 4996 tantum
1551 4955 1604 4998 me
1627 4932 1748 5021 ipsum.
1775 4935 1946 5028 Expertus
1968 4939 2041 5005 euin

384 5049 457 5089 sum
470 5073 479 5104 ,
505 5026 647 5088 maxima
674 5025 830 5091 varietate
853 5023 1092 5090 sententiarum
1116 5033 1150 5086 et
1173 5020 1366 5110 ingentibus
1382 5019 1564 5088 involueris
1587 5021 1734 5090 dd.·tem
1760 5026 1851 5092 illam
1869 5029 2039 5121 etquidem

383 5127 513 5179 tarrtum
530 5116 668 5203 sparsim
686 5127 850 5196 tractare,
875 5115 920 5178 ita
946 5123 986 5177 ut
1010 5111 1068 5177 rix
1091 5121 1127 5176 te
1148 5133 1189 5176 ex
1214 5108 1349 5175 illorum
1368 5111 1463 5178 tricis
1486 5111 1643 5202 expedire
1666 5116 1780 5204 possis.
1807 5117 1945 5186 Errores
1966 5125 2039 5210 jure·

384 5205 465 5270 nilis
487 5217 597 5288 aetas,
620 5205 780 5294 temporis
804 5203 968 5282 brevitas,
991 5220 1024 5266 et
1047 5199 1204 5267 materiae
1232 5201 1395 5291 gravitas,
1426 5201 1464 5266 in
1491 5225 1558 5292 qua
1588 5217 1622 5269 et
1645 5206 1758 5297 magni
1787 5208 1854 5273 riri
1886 5211 2036 5276 interium

383 5297 466 5386 qnid
496 5295 636 5362 ltumani
668 5295 749 5388 pessi
779 5311 877 5374 sunt,
906 5291 1120 5358 excusabunt.
1146 5287 1336 5356 Methodum
1361 5290 1461 5382 selegi
1487 5294 1645 5359 materiae
1665 5298 1939 5367 ¹convenientem.
1962 5303 2035 5388 Quae

382 5391 407 5452 si
434 5387 488 5452 cui
515 5383 687 5475 displicet,
713 5384 764 5452 rel
788 5384 885 5450 etiem
911 5383 995 5449 ratio
1018 5377 1209 5461 scribendi,
1233 5377 1290 5446 ille
1312 5380 1411 5466 scint,
1436 5403 1489 5445 me
1513 5385 1579 5448 non
1610 5383 1838 5476 philosophiae
1872 5412 1930 5457 aut
1959 5389 2034 5481 styli,

382 5477 437 5544 scd
464 5475 747 5568 jurisprudentiae
770 5473 942 5566 specimen¹
960 5469 1056 5538 edere
1080 5469 1229 5541 voluisse.
1254 5469 1309 5536 Tu
1335 5471 1492 5553 interim,
1516 5473 1698 5564 justissime
1725 5477 1827 5566 judex
1853 5481 2034 5548 rivommrt

383 5582 589 5675 mortuqrttm
609 5648 616 5658 ,A
638 5578 683 5653 es
731 5606 754 5648 34,
763 5648 767 5653 ¹
891 5614 893 5617 ψ
907 5564 924 5585 ””
988 5622 1002 5649 ,
1046 5558 1156 5663 dissv
1176 5559 1362 5718 oslpntunp,
1385 5584 1428 5629 ne
1451 5561 1582 5654 aliquid
1605 5587 1643 5632 es
1672 5587 1712 5632 eo
1742 5575 1938 5660 proveniet,
1964 5565 2032 5663 quui

383 5657 506 5729 nomin
890 5659 893 5663 “
1087 5681 1184 5744 1.·-
1208 5657 1314 5750 ,tetur
