4338 6240
612 336 1167 419 utsuttt'at'to
1216 341 1436 421 NONA

350 519 1701 665 uuuauaaaaaaaaaaa

711 737 893 810 Vunao
915 712 1341 811 uuna-satiemur.

765 917 828 962 ors
850 896 1055 966 araturam
1079 921 1287 968 uocuxxrr.

892 1065 1172 1110 ΗΗΘΝΜΝΝ

453 1182 620 1256 totcu.
645 1183 924 1256 CHRISTOPH.
949 1186 1158 1272 sTtssutt,
1183 1186 1347 1280 QUEDL
1371 1185 1508 1258 SAXO.

751 1367 1298 1417 -m—

862 1547 1177 1618 PRAEFAMEN.

184 1737 261 1865 Eo
279 1798 475 1893 plerumque
498 1795 647 1868 immines
671 1798 808 1892 ingenio
830 1812 922 1882 suut,
939 1813 976 1866 ut
991 1801 1110 1892 spretis
1134 1803 1217 1885 illis,
1234 1825 1321 1894 quac
1344 1799 1493 1894 quotidie
1518 1810 1692 1868 versantur
1713 1797 1758 1865 ob
1780 1819 1860 1864 ocu-

185 1887 254 1970 los,
280 1891 400 1956 rariora
425 1905 590 1958 sectentur
612 1904 644 1958 et
669 1893 780 1956 minus
806 1892 917 1958 obvia.
944 1892 1002 1958 Est
1033 1893 1124 1960 eninr
1149 1897 1183 1960 in
1211 1893 1418 1985 quotidianis
1448 1891 1646 1973 fastidium,
1670 1915 1707 1956 ac
1730 1887 1862 1956 animus

184 2002 301 2044 eorum
322 1994 488 2071 pertaesus
510 1981 663 2048 aliorsum
687 1981 855 2062 trabitur,
879 1982 957 2048 dum
982 2007 1069 2074 quae
1093 1985 1152 2050 vul
1177 1985 1187 2049 i
1212 1985 1366 2050 notitiam
1385 1980 1634 2050 transsceoduut
1651 2002 1742 2048 uosse
1757 1997 1857 2047 amat.

186 2067 372 2162 Eapropter
394 2083 485 2136 tanto
507 2086 625 2140 conatu
650 2072 867 2162 antiquitates
892 2072 1059 2138 rimantur
1077 2010 1300 2163 ltaurlpauci,
1323 2087 1361 2142 ut
1384 2072 1412 2138 si
1435 2071 1617 2162 antiquarii
1643 2069 1781 2136 titulum
1800 2093 1858 2136 na·

172 2161 252 2239 cti,
283 2183 391 2228 omne·
407 2161 570 2228 felicitatis
594 2162 758 2228 humanae
787 2178 946 2252 punctum
979 2164 1121 2256 tetigisse
1145 2165 1332 2232 rideantur.
1356 2162 1427 2230 Nou
1451 2162 1588 2228 detraho
1611 2161 1677 2228 illis
1700 2159 1857 2244 laudem,

221 2274 286 2334 ,am
310 2264 498 2341 aucupant,
521 2277 599 2318 cum
622 2269 653 2318 et
679 2253 789 2341 ipsum
813 2253 1045 2340 imporatorum
1069 2255 1109 2320 ad
1130 2255 1340 2346 antiquitatis
1362 2253 1583 2344 cognitionem
1606 2250 1770 2344 ablegasse
1786 2263 1858 2317 stu·

181 2275 314 2422 dilusus,
339 2342 443 2431 prima
472 2343 553 2430 juris
576 2344 676 2410 nostri
701 2341 839 2407 doceant
860 2342 1035 2409 elementa.
1063 2345 1188 2412 Verum
1212 2343 1288 2412 solis
1310 2343 1572 2435 antiquitatibus
1596 2342 1807 2420 incumbere,
1822 2353 1857 2406 et

183 2429 226 2495 de
252 2432 480 2521 praesentibus
502 2455 654 2498 securum
678 2455 766 2512 esso,
790 2457 832 2498 an
857 2455 975 2525 magno
1006 2435 1208 2524 reipublicae
1237 2433 1388 2500 sutorum
1420 2432 1498 2498 usui
1522 2433 1586 2510 sit,
1610 2431 1758 2524 judicent
1777 2431 1856 2510 alii,

182 2521 249 2610 qui
270 2545 379 2587 rerum
405 2535 569 2588 momenta
594 2539 728 2588 norunt.
754 2522 825 2614 Ego
848 2545 946 2604 sane,
971 2525 1032 2616 qui
1056 2527 1146 2592 inter
1167 2524 1327 2590 discentes
1350 2543 1528 2602 numeror,
1552 2523 1694 2589 aliorum
1723 2519 1859 2589 delicias

182 2611 427 2702 reprehendere
450 2611 534 2677 nolo.
560 2611 697 2678 interim
721 2613 873 2701 exemplo
896 2613 1054 2696 aliorum,
1080 2637 1226 2680 meorum
1252 2614 1427 2704 praecipue
1442 2612 1726 2693 commilitonum,
1767 2612 1801 2676 ui
1821 2614 1857 2679 in

184 2699 245 2766 ltac
268 2725 322 2768 sca
337 2701 431 2768 lamia
458 2701 709 2793 jucundissimis
734 2703 931 2770 materiebus
947 2722 1167 2771 exercuerunt
1188 2704 1361 2782 animum,
1382 2701 1503 2783 didici,
1526 2702 1626 2768 etiam
1653 2703 1688 2768 in
1714 2635 1858 2792 adlgatis

181 2809 252 2857 esse
276 2793 453 2858 raritatem.
477 2793 689 2882 Quapropter
710 2817 784 2859 curn
809 2792 993 2860 studiorum
1019 2795 1100 2860 ratio
1125 2793 1242 2862 mihis
1267 2794 1409 2860 erimine
1432 2791 1568 2882 publico
1591 2791 1755 2859 reddenda
1772 2809 1857 2860 esset

179 2879 269 2966 illis,
295 2905 436 2972 quorum
457 2898 544 2948 nutu
570 2901 731 2974 reguntur
754 2881 888 2964 eadem,
913 2907 980 2949 non
1005 2884 1120 2975 putari
1147 2907 1199 2950 me
1224 2817 1265 2949 id
1282 2883 1447 2950 iacturum
1470 2883 1690 2961 commodius,
1710 2883 1871 2976 quamsi·

182 2971 216 3035 in
244 2995 278 3039 re
304 2997 364 3038 usu
390 2973 487 3055 trita,
512 2975 642 3040 rusticis
667 2974 788 3062 pariter
811 2995 847 3038 ac
870 2974 905 3038 iu
930 2971 1093 3066 dignitate
1116 2975 1304 3041 constitutis
1327 2973 1424 3040 obvia
1439 3021 1449 3058 ,
1465 2971 1521 3038 sed
1545 2975 1734 3042 tractatione
1758 2975 1855 3040 raris·

181 3061 285 3142 sima,
312 3065 344 3126 iu
369 3063 437 3128 cnii
464 3066 549 3130 vires
572 3063 783 3153 periclitaret.
809 3060 1002 3131 Offerebant
1017 3089 1048 3130 se
1064 3063 1200 3155 quidem
1220 3065 1328 3130 variae
1351 3065 1435 3154 juris
1461 3064 1639 3141 materiae,
1663 3064 1856 3156 insaporet

181 3086 499 3220 eornmandtbamur
515 3152 676 3242 quaedam
691 3151 733 3220 ab
744 3153 830 3218 aliis.
848 3151 939 3220 luter
955 3177 1068 3220 omues
1084 3169 1192 3220 tamen
1211 3153 1300 3220 nulla
1320 3155 1422 3244 magis
1436 3149 1603 3221 arridebat
1619 3154 1855 3246 palato,quam

182 3264 337 3332 praeseus
364 3243 406 3310 de
433 3243 567 3313 buciliis
590 3244 696 3330 fissis.
720 3239 954 3310 Perscrutabar
975 3243 1154 3335 diligenter
1176 3244 1436 3334 suppellectilem
1454 3244 1503 3310 rei
1526 3244 1711 3326 literariae,
1727 3243 1782 3311 scd
1801 3245 1855 3312 iu·

182 3333 357 3398 vestiebam
381 3333 559 3400 admodum
583 3353 731 3414 curtam,
747 3351 782 3398 et
797 3347 888 3398 tanto
909 3336 1040 3400 conatui
1066 3335 1121 3402 aix
1145 3359 1182 3401 ac
1205 3357 1248 3400 nc
1272 3335 1331 3400 vix
1354 3333 1492 3426 quidem
1513 3333 1742 3401 sufficientem.
1766 3335 1856 3404 Hinc
1881 3355 1884 3363 '

182 3435 231 3488 tot
254 3424 395 3489 rationes
417 3425 655 3509 occurrebant,
677 3447 764 3516 quae
787 3423 938 3488 animum
964 3447 1073 3492 meum
1103 3427 1148 3491 ita
1176 3423 1319 3490 dubium
1342 3437 1375 3490 et
1401 3424 1563 3490 incertum
1588 3425 1790 3508 reddebant,
1817 3439 1856 3492 ut

184 3535 251 3578 nou
277 3512 373 3580 facile
394 3533 478 3581 esset
501 3529 665 3595 statuere,
689 3514 775 3606 quid
807 3511 1037 3604 sequendum:
1067 3537 1144 3580 mox
1172 3516 1262 3581 enim
1292 3513 1421 3606 ingenii
1450 3514 1615 3599 tenuitas,
1645 3538 1717 3582 moa
1745 3518 1858 3584 oneris

186 3603 385 3694 magnitudo
402 3603 679 3692 uae-deterrebat,-
705 3629 782 3672 mox
798 3603 907 3671 tltema
922 3603 1032 3670 sterile
1054 3603 1183 3672 obicem
1207 3604 1290 3670 milti
1315 3606 1470 3694 ponebat.
1495 3604 1633 3695 Quippe
1657 3608 1854 3695 propositam
1882 3647 1883 3652 ι

183 3694 358 3760 materiam
384 3696 451 3786 juri
477 3709 589 3763 nostro
618 3697 820 3787 incognitam
852 3715 943 3774 esse,
972 3715 1040 3759 non
1070 3705 1200 3760 tantum
1229 3692 1336 3775 mihi,
1360 3693 1414 3760 sed
1438 3695 1538 3762 etiam
1562 3696 1637 3761 aliis
1661 3707 1768 3785 patet,
1792 3697 1856 3786 qui

182 3783 269 3850 illud
293 3785 347 3852 vir
365 3809 382 3853 a
401 3785 518 3852 limine
541 3786 738 3853 salutarunt.
765 3784 815 3850 Es
840 3783 977 3851 adverso
1001 3783 1157 3850 materiae
1181 3784 1371 3878 gravissima
1395 3783 1522 3850 utilitas
1547 3807 1598 3850 me
1620 3787 1856 3866 commovebat,

183 3885 214 3939 et
233 3873 400 3942 titubanti
426 3876 568 3943 addebat
591 3877 704 3945 calcar.
729 3876 771 3942 Et
796 3899 871 3942 curn
897 3875 1013 3941 scirem
1037 3872 1190 3964 cupidam
1214 3873 1250 3940 ll.
1274 3877 1484 3964 juventutem
1509 3873 1659 3942 hodierni
1685 3874 1785 3941 seculi
1804 3875 1858 3940 ni·
1883 3903 1886 3910 ⁴

182 3962 230 4029 bil
257 3963 362 4032 lerme
381 3966 551 4032 intactum
581 3968 792 4058 relinquere,
824 3965 903 4033 sicit
930 3963 1063 4032 tandem
1089 3981 1121 4030 et
1145 3987 1196 4030 me
1220 3963 1378 4054 juvenilis
1408 3962 1563 4042 audacia,
1594 3963 1787 4054 effecitque,
1819 3976 1858 4030 ut

183 4056 249 4144 jam
278 4054 349 4120 Deo
373 4069 506 4123 auctore
530 4055 570 4123 ad
595 4079 663 4123 rem
688 4059 794 4146 ipsam
818 4078 872 4121 me
896 4055 1075 4146 accingam.
1100 4053 1216 4120 Tuum
1241 4051 1374 4119 interim
1399 4051 1464 4119 erit
1489 4051 1522 4119 b.
1548 4053 1572 4120 l.
1598 4053 1675 4121 licet
1701 4053 1888 4122 ricarde--

176 4141 316 4226 ficiunt,
340 4147 544 4213 voluntatem
571 4160 681 4214 tamen
708 4145 912 4238 approbarer
937 4157 990 4226 et,
1015 4145 1043 4210 si
1071 4143 1155 4211 sorte
1185 4144 1298 4236 lapsus
1328 4143 1424 4210 suero
1454 4143 1623 4232 subinde,
1647 4167 1859 4214 communem
1884 4183 1888 4194 ·

182 4231 360 4302 bominum
383 4251 505 4304 sortem
529 4239 593 4305 tibi
618 4237 654 4304 in
679 4237 873 4304 memoriam
896 4255 1078 4304 revocare.v

866 4415 1113 4488 CAPUT
1157 4411 1217 4484 1.'.

648 4593 706 4664 De
731 4591 863 4664 baculis
886 4613 1066 4683 eorumque
1092 4587 1175 4678 jure
1196 4587 1235 4656 in
1254 4607 1393 4681 generet
1418 4631 1426 4642 ·

423 4810 447 4862 ,st
469 4797 497 4852 U
511 4795 548 4852 1
568 4793 645 4851 ,Μ
658 4795 691 4850 :fl
709 4795 729 4847 1
742 4793 782 4846 A.
1047 4785 1139 4843 ilatio.
1153 4803 1180 4838 ιι.
1200 4794 1242 4840 ta.

1048 4871 1201 4926 ostreata
1214 4871 1364 4941 dementia
1384 4888 1412 4924 ιι.
1428 4877 1469 4923 ιι.
1483 4877 1488 4888 ”

177 4972 330 5040 ingruens.
344 4983 372 5020 ιι.
387 4977 410 5019 ι.
1048 4957 1092 5012 De
1103 4955 1201 5010 bucata
1217 4954 1320 5009 Elisus.
1332 4973 1360 5008 ιι.
1377 4965 1407 5009 ta

179 5053 282 5110 uacus·
295 5050 442 5106 deriuatio.
456 5067 484 5102 ιι.
499 5060 523 5102 ι.
1053 5046 1144 5111 Quare
1154 5056 1205 5108 par
1216 5038 1310 5093 baculi
1321 5035 1519 5110 impositionem
1532 5053 1551 5091 ιι
1567 5035 1789 5108 Galaesifirrtsm
1799 5053 1872 5113 puer

156 5165 161 5174 ·
177 5139 308 5196 Basilius
320 5148 346 5193 st
358 5135 486 5191 taatttum
498 5143 569 5189 ncta
578 5130 727 5189 staurus.
743 5142 766 5186 t.
1056 5139 1059 5146 '
1084 5143 1142 5178 ιιοιι
1147 5121 1237 5191 suerit
1247 5125 1418 5190 suscitatus?
1428 5119 1575 5176 remissius.
1587 5141 1616 5176 ιι.
1633 5133 1673 5176 ιι.

177 5227 302 5282 sanatas
314 5233 340 5278 st
349 5232 495 5290 sceptrum.
506 5237 533 5272 ιι.
553 5229 577 5272 ι.
1050 5209 1173 5264 Baculus
1186 5225 1386 5280 nonnunquam
1396 5205 1515 5263 sumitur
1525 5205 1679 5276 impropria¹
1693 5221 1721 5258 ιι.
1737 5215 1777 5259 ιι.

180 5315 224 5368 De
237 5309 343 5368 insulis
354 5305 527 5363 ἄκονιίσιιιὶι
544 5301 655 5360 Jacoii.
667 5321 695 5358 ιι.
712 5315 736 5356 ι.
1054 5291 1127 5365 Quid
1137 5311 1188 5362 per
1199 5294 1329 5348 decorem
1337 5308 1384 5386 aaa
1397 5292 1524 5349 tramam
1540 5289 1718 5346 amaenitatis
1729 5287 1867 5362 intelligat·

145 5427 147 5430 ·
180 5389 480 5468 Aniustsiaassscsrit
492 5383 849 5446 Jaeottremustmm.
878 5417 883 5426 ·
1055 5437 1058 5446 Δ
1085 5374 1189 5430 turin.
1207 5387 1245 5429 ts.
1275 5453 1279 5462 υ
1897 5455 1901 5463 .

180 5485 228 5538 Β,
241 5481 339 5539 bacato
352 5477 468 5550 myris.
481 5495 508 5532 η,
524 5489 548 5530 a.
1053 5460 1126 5530 Quid
1150 5457 1378 5542 persuasissimis
1401 5478 1450 5518 ιιιι
1474 5459 1600 5518 tranum
1624 5455 1869 5517 mactatum?

181 5573 224 5627 Da
237 5569 336 5624 barrio
355 5563 492 5620 Aaronir.
503 5579 531 5614 ιι.
546 5573 571 5615 ι.
587 5577 589 5580 ·
1088 5561 1116 5598 ιι.
1139 5554 1179 5597 ιι.

182 5637 904 5724 tuemcumempormauttaamsraatttasm.s.
934 5675 938 5682 -
1054 5625 1412 5698 damnassemus.
1430 5635 1473 5680 ιι.
1503 5652 1509 5660 -
