4228 6240
334 303 388 370 ..ς
899 292 1090 352 nrsrursr.
1108 295 1155 352 ιι.
1173 293 1290 353 canor
1309 287 1345 351 ιι.
1482 283 1486 291 “
1581 273 1585 286 ‘
1852 320 1901 358 ι..

278 387 451 464 gniliestione
467 387 550 446 rilem
568 387 648 445 nobis
664 385 711 444 hie
729 403 785 442 non
803 387 878 460 cspi,
898 387 945 444 sed
957 408 1004 462 per
1017 391 1100 446 ritem
1150 398 1236 449 tlente
1253 381 1428 462 retinetene·
1444 413 1477 451 sn
1496 414 1529 452 er
1547 393 1808 472 negligentiarum
1824 412 1950 462 eterrore

279 475 398 529 actiones
417 474 557 540 humares,
576 491 643 546 qnae
661 493 678 528 a
701 475 838 528 roluntste
855 483 884 528 et
901 475 1037 530 intellectu
1066 473 1099 528 ad
1147 477 1212 546 qnid
1232 479 1359 534 amissum
1378 480 1424 544 sit,
1441 497 1476 534 sn
1495 497 1558 535 sero
1570 499 1631 535 casn
1645 480 1758 537 fortuito
1767 487 1952 545 ereneritirid.

278 559 380 614 bonnm
399 562 439 613 rel
459 561 557 612 malum
572 557 1098 630 moralerleterminstaesunt,intellipi.
1148 562 1193 616 dn.
1214 567 1303 622 strue.
1322 571 1350 623 in
1368 567 1525 638 ‘jurisprud
1543 567 1663 637 fhrenri
1690 569 1737 622 lib.
1759 583 1781 623 ι.
1800 581 1817 624 ι.
1837 585 1859 626 ι.
1876 581 1896 636 ς.
1916 584 1953 630 ιι.

276 641 312 695 Et
330 643 379 696 hae
393 644 470 713 ipsae
488 643 613 697 actiones·
624 643 665 697 rel
684 641 767 695 boum
786 651 863 705 sunt,
882 659 949 712 quae
974 643 1007 695 sd
1037 659 1100 696 nor·
1149 647 1190 698 De
1208 647 1257 702 hae
1275 670 1335 706 vern
1353 655 1488 706 actionum
1502 652 1675 705 humanarum
1687 651 1840 708 diversitate
1852 664 1878 708 et
1889 659 1955 716 unde

277 742 356 779 mum·
368 735 455 779 rectae
473 726 587 778 rationis
605 734 763 795 congruunt,
783 727 822 778 rel
843 727 936 792 malae,
949 743 1016 796 quae
1028 745 1042 777 a
1054 743 1097 780 re·
1149 731 1183 784 de
1201 736 1304 788 malitia
1323 755 1353 790 ac
1371 737 1493 791 bonitate
1505 753 1595 790 earnm
1607 748 1727 790 constare
1740 739 1833 808 possit,
1846 739 1897 793 rid.
1909 743 1957 796 Gi·

262 819 336 863 .etae
353 809 468 864 rationis
486 809 633 864 dictsmine
652 811 813 864 deflectunt:
833 809 899 864 item
924 829 1007 882 porro
1038 821 1101 865 sunt
1148 815 1264 873 bellinus
1281 819 1443 876 inscientia
1474 839 1574 876 oanan.
1598 831 1625 873 et
1649 821 1784 890 steropas.
1808 823 1828 874 l.
1851 835 1874 876 ι.
1891 842 1914 878 e.
1931 837 1953 880 s.

277 895 318 946 rel
336 893 510 958 voluntariae,
528 896 569 950 rel
586 895 779 949 involuntariae
796 897 853 950 sire
866 897 977 950 inritae:
992 898 1098 950 illnmm
1146 917 1196 964 per
1211 911 1260 955 tot.

277 977 444 1048 principium
455 988 511 1043 est,
523 979 649 1044 scientia,
662 980 793 1044 rolnntss,
808 981 981 1046 consultatio,
993 982 1099 1046 electio;
1183 983 1319 1038 Caetenrm
1327 1003 1375 1058 per
1383 987 1462 1041 sitnm
1474 985 1956 1057 saepeeliamintelligimusrationeru
2003 997 2035 1059 tt,

275 1061 370 1116 barum
389 1062 498 1126 coactio,
518 1065 574 1116 sire
595 1063 635 1115 ris
653 1073 764 1117 externa
776 1071 802 1116 et
817 1063 974 1132 ignorantis,
986 1065 1040 1118 rid.
1052 1066 1100 1117 hae
1150 1068 1273 1136 risendi,
1293 1070 1420 1126 bine-rita
1434 1083 1475 1126 est
1488 1073 1526 1124 rel
1540 1070 1629 1125 uirilis
1643 1071 1683 1125 rel
1703 1071 1816 1135 rustice,
1830 1074 1869 1126 rel
1882 1074 1957 1144 socia,

222 1195 223 1200 ,
277 1145 311 1199 de
328 1162 357 1199 re
374 1145 525 1200 ethicorum
543 1145 614 1200 tttrt.
634 1148 798 1216 Quamquam
812 1156 839 1199 et
852 1159 955 1203 actuum
974 1150 1100 1202 bumano-
1146 1156 1186 1209 vel
1206 1155 1339 1222 solitaria,
1356 1157 1392 1210 ne
1406 1176 1461 1228 qus
1479 1157 1532 1211 rid.
1550 1173 1608 1222 exc,
1629 1157 1676 1208 do.
1695 1157 1819 1210 Beonan.
1832 1157 1860 1210 in
1872 1161 1957 1214 medis.

276 1229 526 1300 anmaliainsnper
543 1229 1098 1300 multiplerdeturdillerentis,sicenim
1145 1241 1201 1309 pol.
1220 1239 1283 1293 dise,
1303 1251 1327 1291 s.
1345 1241 1383 1293 ιιι,
1414 1253 1454 1294 ιο,
1480 1239 1643 1294 Peffandori.
1663 1242 1741 1296 elem.
1763 1240 1880 1311 jurispr.
1902 1245 1959 1298 unt.

276 1311 323 1364 alii
343 1323 407 1366 suot
424 1312 539 1380 legitimi
556 1313 604 1366 alii
624 1314 782 1383 illegitimi,
802 1315 848 1367 alii
869 1317 930 1385 puri
949 1317 1099 1370 vet-eonti-
1147 1339 1213 1376 cers.
1231 1323 1250 1375 1.
1270 1334 1294 1377 ι.
1313 1325 1370 1380 ads.
1392 1335 1415 1378 ι.
1433 1343 1460 1394 p.
1486 1343 1522 1377 ιιι.
1556 1337 1616 1379 ιιι.
1648 1325 1689 1379 rel
1721 1326 1884 1398 speculetirs
1908 1327 1959 1381 sire

272 1397 395 1460 lineales,
413 1399 461 1452 alii
480 1400 612 1453 solemnes
631 1401 674 1452 rel
692 1400 782 1453 minus
801 1402 947 1466 solemnes,
967 1404 1014 1455 alii
1041 1421 1100 1474 per·
1147 1406 1308 1472 theoretica,
1326 1410 1368 1463 rel
1385 1409 1518 1479 practica:
1535 1425 1601 1478 quae
1615 1426 1676 1462 sero
1690 1407 1767 1462 alteri
1782 1406 1963 1478 praeferenda,

276 1482 337 1536 lecti
356 1485 394 1536 sel
414 1484 579 1555 imperfecti,
598 1485 645 1538 alii
665 1485 854 1539 indifferentes
873 1497 921 1540 ele.
935 1473 988 1541 atil.
1004 1489 1100 1543 Klein·
1147 1489 1225 1558 hujus
1242 1493 1291 1545 loci
1311 1509 1363 1545 non
1382 1503 1421 1545 est
1438 1494 1605 1554 examinare,
1625 1490 1740 1544 maxime
1758 1509 1819 1546 oum
1831 1495 1962 1590 'proposi'-

190 1583 221 1626 ιι
278 1565 396 1619 schmidt
414 1568 442 1619 r'n
459 1569 642 1639 praecognitis
658 1569 772 1638 jurispr.
792 1587 819 1638 p.
838 1587 874 1622 ιιι.
907 1579 948 1622 ss.
979 1573 1098 1626 Maxime
1147 1581 1203 1626 tum
1223 1576 1272 1640 sit,
1291 1577 1374 1629 silam
1393 1575 1532 1630 hominnm
1551 1587 1699 1630 anteactam
1720 1575 1750 1629 in
1768 1592 1858 1646 specis
1880 1593 1963 1672 consp·

276 1662 362 1704 autern
381 1650 464 1719 judici
484 1653 677 1705 attendendum
697 1664 745 1717 est,
764 1671 798 1705 er
814 1671 866 1724 quo
885 1655 1019 1724 principio
1031 1657 1099 1711 actio
1146 1654 1252 1724 derare,
1272 1660 1322 1712 hoe
1340 1670 1378 1713 est
1388 1700 1397 1727 ,
1415 1659 1574 1724 ostendere,
1593 1660 1659 1732 qnid
1678 1678 1711 1714 es
1731 1660 1852 1713 morihns
1876 1660 1961 1714 homs-

275 1732 398 1800 ssurerh,
418 1750 452 1786 an
472 1749 509 1792 sc.
528 1751 560 1787 es
580 1735 719 1810 proposito
738 1735 777 1791 rel
797 1737 886 1789 saltim
909 1748 1035 1807 sponte,
1053 1759 1097 1810 pa·
1147 1759 1214 1800 num
1235 1743 1423 1798 antecedaneis
1441 1745 1497 1814 jura
1517 1755 1701 1817 praesumant,
1720 1744 1834 1815 ideoque
1848 1754 1912 1798 esto.

911 1881 914 1888 ’
943 1908 986 1978 sc
1011 1912 1040 1976 ι
1066 1911 1206 1985 unu
1247 1917 1299 1990 ιι.

849 2080 905 2149 'De
929 2083 1190 2155 uituanteoctn
1213 2093 1250 2155 in
1273 2092 1399 2183 speeie.

518 2261 588 2316 Η]
605 2261 642 2312 di
654 2260 690 2316 d!
704 2261 733 2314 A
752 2263 777 2315 lt
794 2263 814 2315 I
829 2262 858 2314 A
1109 2273 1116 2315 ¹.
1152 2285 1200 2322 rrae
1224 2271 1343 2343 publicae
1368 2271 1442 2326 ireos
1467 2271 1558 2325 laxari.
1576 2271 1713 2340 'Gangnsil
1738 2273 1828 2343 itaque
1850 2271 1918 2328 bono
1938 2280 1964 2326 el
2008 2307 2021 2349 ι

1150 2356 1222 2423 grari
1243 2357 1357 2427 praesidi
1365 2395 1373 2422 ,
1385 2373 1493 2421 curare,
1507 2369 1533 2411 ut
1551 2368 1640 2428 pscsts
1655 2359 1691 2408 sit
1709 2367 1789 2426 atque
1807 2357 1896 2427 quiete
1907 2374 1964 2426 pro·

269 2425 426 2480 flechiam
447 2440 537 2478 morer
556 2423 746 2495 inquirendum
768 2438 815 2482 est.
834 2449 862 2482 ιι.
884 2445 907 2483 ι.
1152 2437 1253 2503 vincia,
1271 2459 1350 2510 quam
1372 2441 1456 2510 regit,
1474 2440 1544 2510 quod
1571 2457 1624 2492 non
1644 2435 1760 2494 difficile
1777 2441 1925 2506 obtinebit,
1944 2439 1966 2492 si

275 2511 432 2565 Provincia
451 2529 469 2562 a
489 2509 570 2562 molis
587 2510 743 2578 purganda.
763 2531 791 2565 ιι.
812 2523 836 2564 ι.
1150 2523 1265 2578 sollicite
1283 2535 1354 2594 agat,
1374 2535 1405 2577 ut
1423 2526 1502 2578 malis
1528 2521 1685 2577 horninibus
1707 2525 1847 2594 pros-ineis
1870 2538 1965 2592 cureat,

244 2631 248 2636 ·
275 2599 312 2648 1⁷1
330 2595 407 2650 viius
425 2611 508 2662 8²²1!ss
526 2594 727 2666 inquirendum·
746 2613 773 2646 ἢ·
794 2607 818 2649 ³·
869 2653 874 2660 .
1149 2626 1244 2678 eosque
1269 2613 1425 2682 conquirat,
1446 2611 1522 2667 rerba
1550 2619 1613 2664 sunt
1637 2611 1656 2664 i.
1673 2614 1806 2683 congruit
1831 2613 1919 2684 taff
1935 2613 1966 2668 ds

281 2679 369 2731 (πῖθι
389 2698 415 2730 m
436 2679 493 2732 lam
514 2678 606 2731 vivum
624 2677 716 2731 iiim·
736 2697 763 2730 n·
785 2688 808 2729 ⁴·
1149 2692 1226 2764 ⁰sfi0·
1244 2697 1371 2750 Pruesr'tl.
1391 2697 1461 2766 Ergo
1484 2697 1577 2751 sedulo
1600 2697 1814 2768 inquirendum,
1833 2702 1921 2770 qualia
1938 2719 1965 2752 u·
2014 2689 2025 2733 ⁸

202 2771 203 2776 ’
276 2763 380 2818 Contra
400 2765 572 2832 toepoenae
588 2765 770 2828 statuendae,
790 2773 817 2817 0²
834 2765 954 2836 qvam?
971 2785 997 2820 n.
1019 2777 1043 2818 ⁶·
1150 2779 1312 2849 nusquisque
1338 2789 1445 2851 peragat
1470 2782 1591 2848 negotia,
1611 2792 1637 2834 et
1663 2781 1733 2834 unde
1758 2785 1833 2838 vitae
1856 2785 1971 2838 subsidia

280 2847 382 2900 θιίοιίι
402 2847 530 2917 proximi
546 2859 611 2900 suni
629 2848 754 2900 mendici·
773 2865 801 2900 n.
822 2861 846 2902 6·
1150 2874 1234 2928 petat:
1251 2864 1336 2917 licitis
1353 2881 1387 2916 an
1407 2874 1492 2916 utatur
1511 2875 1588 2934 atque
1607 2864 1725 2918 honestis
1743 2870 1902 2939 acquirendi
1917 2889 1968 2924 nso·

280 2931 441 2986 {astutorum
461 2931 675 2985 mendicantium
690 2950 789 3001 poena.
810 2949 837 2984 ιι.
857 2943 880 2990 l·
1109 2971 1110 2974 =
1149 2942 1207 3007 dis,
1226 2963 1260 2997 an
1279 2963 1339 2998 sero
1359 2945 1482 3015 turpibus
1500 2957 1579 3017 atque
1598 2947 1713 3000 illicitis.
1728 2949 1767 3002 lta
1791 2953 1822 3004 in
1843 2954 1931 3024 specie
1944 2956 1972 3009 irs

270 3016 447 3070 ΔΗίιιιίιιὶῖθι
465 3015 661 3084 ιῖιιειιιῐιιιῦῑ·
682 3034 711 3067 ¹²·
731 3027 757 3067 ⁸·
1109 3029 1112 3036 '
1149 3047 1210 3082 ιιοι.
1238 3042 1294 3084 ιιι.
1320 3049 1344 3084 c.
1375 3044 1397 3085 t.
1422 3033 1579 3085 monasterii
1602 3035 1717 3104 praesuli
1743 3035 1915 3108 injungitur,
1943 3052 1972 3096 ui

279 3100 334 3165 Qui
349 3121 363 3151 e
381 3100 485 3168 republ.
505 3099 647 3168 ejiciendi,
666 3108 694 3154 et
710 3101 743 3154 de
762 3098 882 3170 ipsorum
903 3100 1094 3157 namineire·
1148 3111 1302 3183 frequenter
1331 3117 1459 3186 inspioirt
1489 3128 1517 3170 et
1548 3128 1731 3189 perscrutetur
1763 3125 1973 3197 uniuscnjusque

312 3179 385 3232 miss.
403 3199 429 3232 ιι.
451 3193 475 3232 s.
1148 3200 1382 3254 conversationem.

275 3264 328 3316 31¹⁸
347 3275 566 3318 anarnnerantur
585 3264 637 3318 ‘¹13³'
653 3280 772 3318 emim·
792 3283 818 3316 ¹²·
841 3276 882 3318 ¹⁰·
1184 3283 1337 3339 interillos
1361 3302 1437 3349 sero,
1462 3287 1508 3358 qui
1536 3289 1633 3342 malem
1656 3292 1750 3346 sinunt
1778 3293 1881 3360 sitam,
1904 3291 1971 3348 band
2020 3285 2035 3330 ⁴

275 3348 324 3398 ΕΦ
338 3347 414 3400 vim
424 3365 523 3418 belim
538 3347 821 3418 ⁰fi‘11'l'700511mP‘i0
836 3349 875 3404 “d
886 3349 1096 3421 “ni'‘f‘ffi‘m‘m·
1149 3370 1274 3437 postremi
1295 3379 1357 3423 sunt
1374 3371 1474 3438 otiosi,
1492 3372 1547 3426 otia
1566 3374 1638 3428 eninr
1652 3375 1717 3430 daut
1737 3377 1805 3431 ritis
1818 3393 1867 3446 ,et
1885 3381 1971 3434 homi-

309 3447 338 3482 n.
360 3440 398 3481 tt.
1146 3469 1194 3506 nes
1212 3455 1281 3506 nihil
1300 3457 1414 3524 agendo,
1434 3459 1502 3512 mela
1524 3477 1604 3528 egere
1630 3461 1747 3516 diseunt·
1775 3467 1858 3520 hiens
1875 3469 1974 3539 quippe

272 3516 323 3566 An
342 3511 459 3564 hominis
478 3511 561 3566 uitam
580 3525 739 3570 anteactam
753 3516 842 3586 judee
859 3517 1035 3572 considerare
1048 3521 1094 3576 de·
1146 3539 1203 3589 otio
1226 3555 1316 3591 secans
1334 3539 1404 3591 nibil
1424 3541 1551 3596 bonorum
1572 3543 1655 3615 parit,
1671 3553 1787 3601 testante
1807 3551 1869 3620 ipso
1889 3550 1974 3620 irnpe-

311 3595 402 3650 bear?
419 3609 514 3650 mss.
1146 3625 1232 3670 ratore
1251 3619 1279 3670 in
1297 3618 1325 3670 d.
1343 3637 1409 3672 nov.
1432 3633 1488 3674 sss.
1508 3641 1568 3690 cap·
1588 3637 1612 3676 u.
1640 3625 1731 3694 ltaque
1752 3631 1842 3684 otium
1862 3649 1877 3685 e
1896 3651 1972 3704 repu-
2022 3641 2037 3698 i,

273 3681 314 3734 ut
345 3680 428 3736 vitam
459 3691 618 3737 anteactam
649 3700 667 3737 a
697 3682 797 3752 reguli!
827 3681 900 3754 iuris
931 3685 1091 3740 metilius?
1144 3700 1213 3755 blica
1240 3705 1264 3756 si
1290 3704 1440 3771 sustuleris,
1462 3707 1664 3761 innumerorum
1688 3712 1855 3772 delictorum
1879 3735 1973 3774 susem

205 3821 215 3830 ῃ
310 3783 338 3816 ιι.
361 3775 401 3818 ιι.
1143 3785 1270 3852 eritabis,
1291 3788 1344 3840 rid.
1364 3789 1470 3842 lether.
1486 3792 1520 3844 de
1537 3808 1628 3846 censu.
1648 3795 1666 3844 t.
1685 3807 1710 3848 ι.
1723 3815 1744 3850 e
1763 3812 1805 3853 ιιι.
1820 3821 1850 3856 ιι.
1865 3815 1890 3854 ι.
1902 3819 1972 3875 seqq.

275 3847 340 3900 Vita
365 3847 433 3900 dene
451 3859 579 3904 anteacta
596 3869 614 3904 a
632 3849 788 3916 suspicione
807 3848 922 3921 liberat,
947 3851 998 3904 reti
1017 3851 1110 3908 male,
1144 3867 1195 3920 Do.
1221 3871 1328 3923 Praeses
1351 3872 1455 3926 nissen.
1481 3873 1513 3926 cle
1539 3878 1673 3930 saecular.
1699 3901 1721 3934 a.
1743 3895 1766 3936 s.
1796 3901 1826 3935 ιι.
1855 3895 1899 3938 ss.
1917 3903 1974 3956 sep.

306 3941 382 3996 ueta,
401 3932 557 4000 suspicions
575 3945 682 4002 gruum.
701 3951 730 3984 rt·
753 3943 792 3985 Η·
1143 3952 1258 4007 illucet
1276 3956 1380 4024 antiqui
1406 3957 1575 4012 uomulbctse
1598 3974 1693 4019 contre
1710 3966 1739 4020 id
1763 3971 1880 4036 generis
1898 3969 1969 4024 desi·
2023 3985 2036 4026 s

271 4015 363 4067 Sernel
379 4017 469 4068 malas
485 4031 590 4086 semper
604 4015 789 4084 praesumitur
805 4015 878 4071 iulis·
896 4037 924 4071 ιι·
946 4027 986 4071 ¹⁵·
1102 4031 1105 4038 '
1141 4033 1187 4086 des
1204 4035 1302 4105 poenas
1325 4039 1468 4092 acerrimas
1491 4051 1651 4098 statuerunt.
1678 4049 1714 4101 fit
1738 4052 1831 4106 Draco
1858 4055 1969 4124 quidem

269 4101 320 4152 Ea
337 4110 478 4154 transacta
498 4099 553 4154 rita
567 4101 724 4173 judicamus
740 4104 775 4155 de
786 4101 932 4173 praesenti.
952 4123 981 4158 u·
1002 4115 1041 4159 ¹⁶·
1142 4117 1346 4175 Atheniensium
1359 4123 1493 4192 legislator
1507 4143 1620 4196 poena·
1639 4133 1737 4186 mortis
1750 4136 1852 4190 utiosis
1872 4138 1975 4194 dictare

271 4185 344 4238 Olim
362 4185 466 4240 amicus
485 4187 569 4241 etiam
587 4189 669 4243 leodie
687 4189 752 4242 talis
766 4191 967 4259 praesumitur,
985 4203 1088 4246 escars-
1139 4215 1192 4253 non
1210 4203 1324 4258 erubuit.
1350 4205 1452 4262 confer·
1479 4210 1606 4282 Philipp.
1631 4213 1763 4270 Comere-r.
1790 4219 1823 4273 in
1844 4221 1971 4276 meditat.

304 4279 359 4324 rm.
378 4291 404 4324 η,
429 4282 469 4324 st.
1139 4282 1233 4339 histor·
1251 4298 1320 4340 cent.
1340 4298 1362 4340 t.
1381 4308 1443 4358 rap.
1465 4304 1505 4346 ss.
1533 4293 1576 4346 ubi
1598 4298 1719 4365 pluribus
1745 4302 1798 4355 hoe
1825 4323 1972 4376 argumen-

266 4353 492 4409 Fundamentum
510 4355 591 4423 huius
607 4357 848 4428 praesumptionis·
868 4375 896 4411 ιι.
919 4370 959 4412 te.
1140 4375 1197 4418 turn
1217 4381 1365 4440 pertractat.
1385 4374 1443 4428 lmu
1461 4376 1521 4448 ipse
1539 4381 1674 4448 spostolus
1693 4385 1791 4440 Paulus
1806 4388 1838 4440 in
1856 4402 1880 4443 ι.
1893 4392 1970 4461 epist.

266 4438 443 4495 Consuetudo
463 4451 504 4492 est
523 4441 612 4494 altera
630 4451 741 4493 natura.
760 4461 788 4495 ιι.
810 4453 849 4494 ιι.
1139 4451 1179 4504 ad
1195 4453 1317 4507 Thessal.
1334 4474 1391 4527 cap.
1408 4471 1430 4511 s.
1444 4481 1472 4516 a.
1490 4463 1617 4516 ro.eibis
1635 4465 1761 4536 indignos
1780 4472 1890 4539 indicat
1908 4493 1972 4542 eos,

263 4525 315 4576 Ea
330 4521 551 4588 praesumptione
570 4539 650 4576 nemo
669 4524 903 4580 condemnandus·
923 4544 951 4578 n.
971 4535 1015 4583 ιο.
1135 4537 1182 4608 qui
1196 4557 1215 4592 a
1235 4539 1371 4594 laboribus
1394 4544 1554 4612 abhorrent,
1574 4567 1630 4602 mer
1653 4551 1730 4608 nieht
1755 4557 1898 4626 arbeiset,
1915 4563 1975 4615 soll

258 4607 372 4675 ,Regula
389 4606 475 4661 senrel
493 4608 583 4666 mulus
601 4617 650 4664 stc.
671 4609 795 4682 procedit
813 4609 842 4666 ἰιι
868 4611 962 4664 eudem
984 4629 1085 4682 genere
1136 4621 1205 4675 anob
1222 4621 1299 4675 nicht
1315 4639 1402 4680 essen.
1420 4627 1491 4682 Otiis
1510 4647 1571 4683 reru
1589 4635 1693 4703 optime
1719 4639 1826 4694 mederi
1847 4655 1973 4715 argnto·

292 4689 379 4746 ιιιιιί.
398 4709 426 4743 ιι.
447 4702 489 4743 ss.
1136 4705 1177 4771 la,
1196 4705 1308 4762 dubium
1326 4713 1372 4762 rix
1389 4719 1438 4764 est·
1456 4711 1512 4766 rid.
1532 4715 1627 4771 lienel.
1645 4719 1679 4772 de
1700 4721 1814 4778 haernr.
1837 4745 1862 4780 e.
1888 4741 1932 4782 ss.

263 4776 282 4826 J
289 4771 413 4827 imitatur
429 4776 490 4828 hae.
509 4793 535 4828 n.
557 4787 599 4828 rs.
1171 4790 1223 4842 liis
1240 4795 1363 4862 proxime
1381 4796 1509 4850 merdant
1521 4799 1611 4852 -nttui
1629 4805 1764 4871 mendici,
1777 4827 1849 4878 qnos
1870 4813 1971 4868 iridem
2025 4823 2042 4878 ιΙ

259 4858 321 4916 ,Nee
336 4856 460 4927 procedit
477 4858 592 4928 regula,
608 4859 711 4928 siquis
728 4875 759 4914 se
782 4860 974 4916 emendaverit.
992 4881 1019 4916 ιι.
1039 4873 1082 4916 ιι.
1134 4873 1303 4944 erepublica
1328 4893 1420 4932 exesse
1444 4879 1539 4948 jubent
1565 4884 1644 4953 leges.
1669 4887 1705 4940 Et
1732 4907 1796 4946 sane
1816 4906 1900 4950 notat
1918 4897 1970 4952 Ca-

259 4941 317 5002 ,1th
332 4961 382 4996 nec
399 4944 425 4995 ri
440 4943 566 4996 delictum
586 4943 745 5012 eoeseruore
764 4954 864 5000 aeratis
880 4959 979 5001 orturn.
998 4965 1025 5000 ιι.
1041 4959 1083 5000 2⁴·
1134 4971 1227 5011 merse.
1244 4959 1271 5013 al.
1286 4970 1325 5012 rr.
1342 4972 1412 5016 cent.
1434 4974 1456 5015 ι.
1475 4981 1499 5016 c.
1521 4973 1563 5020 te.
1583 4968 1634 5023 tris
1662 4970 1805 5028 bominum
1827 4997 1934 5049 genens
1955 5001 1971 5038 e

261 5023 547 5092 ¹Enprneeedentinn
569 5027 730 5082 versatione
737 5025 924 5098 pra-sumitur
935 5029 996 5084 vita
1006 5046 1086 5099 prue-
1132 5037 1241 5094 eiritute
1257 5046 1416 5114 expellenda
1433 5049 1639 5120 esse,leprcsos
1654 5055 1875 5123 seil.,usdarera
1889 5083 1966 5122 mor·

298 5123 370 5160 aene.
390 5127 417 5162 ιι.
439 5120 480 5160 ss.
1134 5131 1256 5190 tuorum,
1274 5138 1302 5180 et
1325 5127 1507 5183 mendicantes
1524 5134 1641 5188 relictos.
1668 5137 1728 5208 lpse
1754 5159 1865 5218 quoqne
1890 5151 1970 5204 Deos

265 5191 320 5260 (sni
336 5209 396 5244 cum
415 5195 496 5249 matie
520 5204 631 5261 venat,
646 5193 689 5264 fit
707 5195 788 5258 edis„-
818 5205 967 5251 aconem.
985 5216 1015 5252 ιι.
1037 5207 1082 5252 ιι.
1134 5204 1270 5260 mendicos
1289 5209 1321 5262 in‘
1344 5212 1480 5282 republios
1503 5231 1549 5267 sus
1578 5219 1692 5274 tolerare
1718 5227 1822 5293 noluit,
1848 5231 1970 5288 Denter.

267 5276 409 5329 Transitio
428 5279 467 5332 ad
482 5279 635 5350 sequentiu-
652 5297 682 5332 ιι.
703 5287 745 5331 ιι.
1137 5299 1177 5342 ιι.
1195 5307 1262 5344 cers.
1284 5303 1308 5348 ι.
1328 5294 1398 5348 Hine
1417 5305 1444 5350 el
1460 5298 1531 5368 leges
1547 5313 1655 5358 nostrae
1681 5309 1782 5365 validos
1801 5317 1971 5373 mendican-

1131 5383 1170 5426 tes
1182 5375 1329 5446 isspunitos
1341 5379 1540 5452 bsndquuquam
1554 5387 1716 5458 relinquunt.
1732 5395 1874 5456 Ststnturn
1890 5406 1970 5458 enim

1132 5459 1208 5511 esti.
1227 5477 1272 5514 un.
1291 5479 1314 5514 e.
1332 5463 1359 5516 d.
1372 5465 1459 5518 mend.
1479 5467 1560 5524 solid.
1574 5482 1604 5526 ut
1619 5473 1641 5526 si
1659 5477 1720 5546 quis
1739 5480 1903 5538 simulatam
1923 5489 1971 5559 ip-

194 5449 206 5491 1
262 5399 306 5504 Iu
326 5447 407 5498 sitam
427 5447 483 5499 sire
507 5445 716 5502 moresrcirium
736 5445 877 5516 inquirere
902 5448 961 5519 ipsa
979 5449 1081 5521 nespu-

259 5531 346 5584 blirse
366 5531 435 5582 salus
454 5529 533 5598 jubet.
554 5528 752 5598 Quosteeanim
778 5531 854 5597 illos,
871 5531 917 5600 qni
935 5531 968 5584 sd
986 5535 1082 5601 guber·
1133 5559 1222 5598 sorum
1230 5544 1435 5615 »egritudinem
1455 5549 1662 5623 derernimus
1681 5573 1708 5616 ut
1717 5580 1806 5618 serres
1821 5571 1951 5640 requirar
1957 5609 1968 5638 ,

262 5613 357 5666 naenia
384 5613 498 5684 reipubl.
528 5616 638 5677 sedent,
655 5614 725 5666 nulla
751 5631 813 5666 curs
837 5616 937 5684 tangit,
955 5617 1020 5687 qnid
1039 5637 1081 5674 re·
1130 5627 1154 5678 si
1181 5627 1364 5684 sintserrilis
1388 5633 1564 5703 conditionis,
1583 5641 1607 5693 si
1633 5662 1697 5699 rero
1722 5647 1779 5702 sint
1796 5651 1913 5723 diboni,
1935 5667 1968 5712 ut

264 5714 327 5760 rum
346 5697 402 5750 sibi
425 5699 541 5770 subjecti
565 5707 659 5769 agant,
678 5715 732 5752 uon
756 5708 869 5769 possunt
886 5717 940 5754 non
959 5701 1078 5778 discipli·
1129 5709 1236 5768 colonos
1258 5725 1412 5788 perpetuos.
1439 5719 1493 5778 Sed
1518 5722 1549 5778 iss
1572 5741 1634 5782 nur.
1656 5739 1697 5786 tr.
1724 5751 1748 5788 e.
1776 5745 1801 5790 t.
1823 5737 1861 5792 ad
1879 5757 1969 5814 opera
