4338 6240
893 269 1083 334 mmm
1099 277 1149 336 ΣΙ.
1165 281 1284 344 clm
1299 285 1324 343 l.
1858 298 1910 372 89⁶

274 357 332 418 stbt
350 355 448 428 sllltt,
469 357 516 418 tel
530 357 598 434 quid
620 369 753 434 mest,
770 365 956 440 paludium
978 384 1094 444 potant
1142 379 1239 436 stitu-
1255 383 1440 455 Μηδίου
1453 386 1542 460 parsit
1556 389 1677 462 praepa
1693 409 1814 460 me
1831 411 1893 449 nan
1912 395 1963 451 b-

275 441 343 499 'ts-
361 459 422 502 rtso
439 455 555 513 mm,
572 463 627 503 m
644 465 727 522 perte
744 453 883 508 mms-
900 473 950 510 ιω
968 456 1039 513 laeto
1051 463 1093 529 ias
1143 469 1186 535 jus
1204 469 1247 536 jus
1265 487 1373 542 semper
1390 475 1488 526 ulna
1506 478 1743 543 premunitum
1759 477 1873 549 quadris
1890 482 1964 546 jun.

273 525 379 584 domiin
397 525 516 586 detsrlm
532 529 656 600 reddere,
670 533 736 588 tutus
751 539 901 594 mmsis
917 541 1012 594 tes-tr
1027 561 1093 598 eon·
1142 561 1263 604 neutuna
1280 551 1420 610 fidelitatis
1436 557 1598 628 intelligitur
1614 562 1691 615 uto
1709 563 1774 631 im
1797 564 1964 632 mebris,

272 609 472 670 numeratus
484 611 550 686 lure
567 613 904 692 &anianumque
916 627 999 679 tacite
1009 627 1092 694 ίιοι,
1143 647 1205 698 sen,
1223 635 1264 687 nti
1282 635 1312 690 in
1334 641 1394 705 iure
1411 638 1511 694 feudali
1534 641 1650 708 dieitur,
1668 645 1699 696 in
1721 645 1796 698 onai
1822 642 1963 702 fidelitatis

270 709 301 756 ut
317 695 499 772 exprimetur,
518 717 571 756 sen
588 713 630 758 est
645 719 795 760 mun.
814 709 866 762 &t
884 709 1006 763 ἁίιαίιι
1030 727 1094 782 ergo
1143 730 1307 776 „cumeneo
1324 722 1484 794 impensor,
1501 728 1661 782 minei.
1678 739 1806 799 exceptu
1826 739 1851 782 a.
1863 727 1897 799 j!
1916 742 1960 782 ss.

273 797 381 854 temper
398 781 536 842 sbuutlm
553 789 658 842 unuh
673 789 726 844 erit
741 793 886 844 mtto
903 792 972 862 iris
986 793 1093 848 «ts-tm
1142 803 1165 859 ς.
1172 797 1230 868 fin.
1252 803 1305 856 sut
1323 807 1519 876 properandum
1536 821 1576 862 est
1593 809 1627 862 sd
1650 821 1766 882 petam.
1786 811 1865 864 flua
1884 811 1960 864 enin
1999 807 2032 854 ’θ

272 861 340 922 leda
358 883 373 920 ι
393 867 503 922 tenello
522 867 676 924 astante?
697 871 867 943 napta,
881 877 919 928 its
937 879 1094 947 est,qnoad
1142 881 1242 937 adduci
1268 887 1433 957 potuissent,
1457 892 1513 944 nisi
1537 893 1642 947 limites
1665 894 1790 947 exercitii
1816 893 1964 948 nte-td

272 949 317 1022 itta
333 949 455 1016 ‹lo-ish
466 946 531 1002 bole
543 949 620 1004 eoin
637 949 711 1004 nisit
730 955 847 1026 amplias
864 959 933 1028 juris
949 963 1094 1032 erupuit,
1146 965 1331 1026 obstitissent.
1349 973 1434 1028 Dabis
1451 991 1514 1046 ergo
1535 979 1655 1040 mian,
1674 978 1700 1030 ln
1718 979 1735 1031 ῑ
1760 979 1784 1031 si
1802 979 1867 1032 bine
1884 979 1963 1046 inte,

272 1033 329 1088 sira
347 1033 495 1090 seunuto
511 1031 558 1088 ills
574 1032 693 1102 adjecta,
705 1037 763 1092 sire
780 1057 851 1106 nou,
872 1059 921 1098 nec
938 1041 1040 1110 elficit,
1057 1065 1095 1101 ue
1144 1065 1213 1118 qnae
1236 1055 1326 1124 palato
1352 1057 1442 1111 minus
1462 1069 1549 1130 gnta,
1568 1059 1723 1114 adseneris
1747 1061 1894 1115 Erculis
1918 1081 1965 1118 es·

271 1133 303 1172 es
327 1117 448 1187 scelests
471 1115 545 1172 iden
567 1133 695 1174 utrm
717 1123 811 1194 possit.
837 1125 948 1182 ntem
967 1131 1037 1184 ratio
1055 1141 1096 1186 est
1149 1132 1286 1200 defluant
1303 1139 1325 1192 ri
1343 1141 1468 1206 libuerit,
1482 1143 1777 1208 mundabineaeniru
1788 1155 1875 1199 aetate
1886 1163 1965 1212 sun,

273 1199 359 1274 quoad
378 1201 421 1270 ius
437 1201 560 1268 romili,
571 1203 619 1274 qui
636 1202 676 1256 its
687 1209 864 1264 resemtlsrn
877 1227 938 1282 erge
950 1211 1092 1267 ὼωίωι
1141 1234 1193 1287 qua
1210 1237 1302 1276 mesre
1318 1224 1411 1290 tuens,
1436 1228 1482 1281 sed
1499 1246 1530 1281 ea
1545 1247 1648 1300 φηςιν
1665 1243 1767 1296 mente,
1786 1230 1829 1282 eui
1848 1230 1962 1284 Ιιωω·

274 1293 437 1340 “sturm
453 1283 589 1354 debitam,
606 1297 635 1342 et
657 1289 713 1359 its,
728 1309 765 1346 rue
790 1293 868 1348 nodo
892 1313 972 1350 ense
989 1301 1095 1370 psciu-
1144 1303 1197 1357 lars
1216 1308 1327 1360 enutri
1345 1312 1462 1365 macris
1478 1323 1569 1367 noun
1591 1316 1662 1369 mle
1682 1312 1855 1387 interpretari
1879 1312 1966 1368 litti-

270 1365 375 1424 ttetun
393 1367 499 1424 &mini
515 1369 605 1440 absit,
617 1367 697 1430 tado
709 1375 810 1448 privari
827 1379 925 1452 possit,
939 1383 988 1438 uti
1005 1400 1096 1440 reser-
1141 1405 1185 1444 ne
1204 1387 1350 1447 luniliare.

269 1455 379 1512 tatione
396 1451 493 1510 elficit.

308 1538 453 1596 Coronidis
468 1542 527 1596 loeo
551 1541 598 1600 laic
615 1541 732 1614 [dicendi
750 1565 860 1620 aupes
878 1549 963 1606 tonte
978 1569 1031 1622 qna
1046 1569 1092 1607 rs·

278 1625 351 1684 tiene
365 1627 546 1698 intuentem
570 1629 762 1688 surditiam
784 1633 896 1690 domino
917 1633 992 1692 lardi
1015 1653 1092 1708 prue-
1380 1643 1459 1702 sont
1477 1643 1550 1702 1)Εο
1568 1645 1714 1700 Gwm.

655 1805 1579 1894 n1seurur1onnnnclnu

482 1987 585 2102 llll!
637 1989 863 2106 mette
913 1995 1257 2110 autentu
1309 1997 1756 2127 nutantum.

805 2233 868 2277 M!
891 2231 1045 2280 AUGUST.
1070 2231 1169 2279 dno
1192 2231 1419 2280 ΙΜΠΧΠΙ.

975 2377 1255 2425 ΙΙΗΟΗΖΗΙ

432 2523 646 2596 ΕΑΒΡΔΒΟ
668 2521 877 2594 nnnntco
899 2523 930 2590 Δ
954 2523 1354 2614 Bannnnttnonrr,
1377 2529 1486 2622 nQv.
1510 2531 1798 2605 REO-MARCH.

841 2697 1389 2740 *⁶—

939 2856 1040 2928 Mt.
1059 2859 1223 2930 ntur.
1245 2861 1287 2932 C.

884 3027 1164 3100 PRAEFA
1191 3031 1338 3102 1¹10.

273 3187 412 3320 Sancta
437 3267 487 3312 res
509 3252 557 3308 est
582 3235 735 3306 voluntas
757 3236 938 3329 principis,
954 3261 1056 3329 quam
1080 3237 1115 3304 in
1140 3235 1283 3302 dubium
1308 3248 1438 3305 tantum
1455 3263 1583 3308 vocasse
1605 3265 1673 3308 non
1695 3244 1830 3338 vulgare
1851 3249 1960 3318 melus

263 3355 336 3423 est,
362 3334 419 3404 sed
442 3329 666 3422 sacrilegium.
692 3325 719 3393 l.
749 3351 777 3393 r.
791 3329 841 3419 ff.
865 3327 908 3396 de
928 3345 1037 3395 const.
1057 3329 1175 3420 princ.
1199 3327 1374 3420 Quicquid
1399 3329 1505 3420 placet
1527 3333 1690 3423 principi,
1718 3334 1771 3402 lex
1795 3355 1842 3403 est
1865 3339 1954 3408 ilico.

260 3430 314 3496 ln
338 3430 446 3520 legem
470 3443 549 3491 vero
572 3419 708 3487 subdito
731 3431 874 3510 potestas
897 3419 1009 3486 relicta
1032 3418 1146 3503 nulla3
1170 3441 1231 3484 nec
1254 3417 1333 3484 huic
1361 3419 1464 3510 gloria
1487 3438 1636 3512 superest
1660 3425 1744 3504 alia,
1769 3449 1868 3518 quam
1893 3429 1957 3496 ob-

270 3519 394 3614 sequii.
424 3515 536 3582 Tacit.
561 3508 681 3578 annul.
708 3509 739 3575 6.
762 3533 795 3576 c.
821 3509 855 3576 8.
879 3509 1016 3576 obditos
1035 3509 1209 3600 principis
1232 3531 1372 3588 sensus,
1403 3523 1438 3576 et
1465 3515 1498 3580 si
1523 3512 1610 3602 quid
1635 3515 1801 3584 occultius
1822 3536 1956 3608 parat,

269 3611 453 3704 exquirere
486 3601 663 3677 illicitum,
687 3625 824 3693 anceps.
848 3599 969 3668 Illicita
992 3621 1069 3690 ergo
1091 3611 1126 3664 et
1147 3621 1266 3688 anceps
1292 3623 1442 3688 praesens
1459 3602 1627 3670 videbitur
1641 3603 1840 3696 disputatio3
1855 3611 1956 3702 quip-

271 3727 314 3796 pe
338 3701 391 3767 hio
413 3696 568 3766 voluntas
592 3691 753 3784 principis
776 3713 844 3756 non
869 3701 997 3757 tantum
1021 3689 1135 3756 verbis
1157 3711 1325 3778 expressa,
1342 3687 1447 3756 sedet
1465 3706 1573 3760 motus
1595 3695 1718 3784 ipsius,
1733 3721 1802 3788 quo
1817 3697 1954 3782 ductus,

273 3815 310 3860 ea
334 3787 492 3868 voluerit,
516 3783 581 3850 sub
605 3781 763 3848 incudem
787 3798 971 3847 revocatur.
996 3778 1205 3870 Deponerem
1230 3779 1391 3846 calamum
1417 3780 1528 3868 facile,
1551 3801 1584 3850 et
1613 3783 1657 3850 ob
1688 3810 1797 3852 serere
1830 3787 1884 3856 illa
1917 3791 1956 3856 in

273 3893 471 3952 scrutatores
493 3871 713 3942 consiliorum
737 3869 899 3960 principis
921 3869 1064 3938 fulmina
1087 3871 1362 3936 obmutescerem.
1379 3870 1445 3937 Sed
1468 3874 1567 3966 erigit
1591 3874 1742 3941 animum
1762 3878 1840 3944 boni
1858 3881 1955 3968 prin·

273 3973 357 4067 cipis
381 3971 418 4036 in
441 3965 594 4033 subditos
618 3961 812 4056 propensio,
835 3961 891 4026 cui
916 3961 1093 4028 molestum
1117 3981 1184 4024 non
1209 3972 1273 4042 est,
1296 3962 1322 4028 si
1347 3961 1523 4052 obreptum
1547 3964 1591 4030 sit
1621 3987 1638 4030 a
1668 3967 1824 4057 petitore,
1854 3971 1956 4038 etiam

275 4067 345 4155 ipsa
369 4056 549 4128 voluntatis
572 4077 650 4121 suae
673 4051 854 4120 certissima
880 4051 990 4143 signa,
1014 4051 1169 4140 rescripta
1194 4047 1364 4132 videlicet,
1388 4051 1534 4120 modeste
1561 4052 1720 4126 refutare.
1751 4057 1776 4122 l.
1802 4081 1831 4148 7.
1854 4082 1886 4126 c.
1912 4061 1957 4128 de

296 4173 362 4221 ree.
381 4149 474 4242 Imp.
497 4145 593 4238 effer.
617 4143 704 4212 Sane
728 4141 885 4234 placitum
911 4141 1074 4233 principis
1099 4139 1152 4206 lex
1175 4151 1244 4223 est,
1267 4158 1301 4207 et
1323 4140 1401 4208 hinc
1423 4154 1512 4208 extra
1538 4145 1658 4232 privati
1683 4146 1881 4236 arbitrium3
1897 4149 1956 4219 sed

268 4183 318 4314 iia
341 4238 503 4333 placuerit
525 4234 636 4320 idem,
659 4233 736 4302 sacti
760 4243 828 4312 est,
845 4232 942 4322 cujus
963 4231 1139 4296 ventilatio
1161 4230 1317 4319 nuspiam
1339 4229 1475 4296 subdito
1497 4233 1665 4322 adempta,
1687 4235 1742 4301 sed
1768 4241 1876 4326 potius
1898 4265 1957 4306 ex.

265 4356 386 4428 ,presse
408 4349 569 4396 concessa.
594 4323 618 4388 l.
645 4323 675 4386 5.
699 4347 729 4388 c.
753 4321 785 4388 si
807 4336 917 4386 contr.
934 4321 1009 4410 jus.
1033 4323 1174 4411 quippe,
1202 4323 1235 4386 ri
1267 4320 1418 4388 mendox
1443 4337 1602 4413 precator
1627 4347 1767 4392 suerum
1795 4331 1958 4399 attulerit

273 4419 470 4498 oraculum,
492 4411 683 4483 carendum
702 4414 772 4504 ipsi
795 4433 863 4477 non
887 4426 1023 4480 tontum
1048 4410 1257 4504 impetratis,
1280 4409 1342 4476 sed
1364 4427 1396 4478 et
1420 4415 1614 4481 mentientis
1638 4417 1839 4509 improbitas
1863 4443 1957 4491 seue·

272 4517 380 4585 ritate
396 4506 595 4604 judicantis
619 4499 824 4572 coercenda.
849 4499 1011 4569 Constare
1034 4523 1112 4592 ergo
1134 4499 1277 4592 principi
1301 4499 1419 4584 debet,
1443 4525 1484 4568 an
1511 4527 1576 4586 res,
1600 4508 1650 4573 nti
1676 4509 1828 4597 precibus
1850 4535 1957 4604 expo-

272 4608 353 4690 sita,
377 4627 411 4671 se
433 4599 570 4686 habeat3
595 4593 735 4664 voluisse
758 4593 849 4660 enim
874 4595 910 4658 in
934 4616 1011 4658 eum
1035 4609 1166 4658 tantum
1188 4613 1317 4674 casum,
1340 4615 1430 4686 quae
1452 4595 1634 4686 rescripsit3
1652 4599 1703 4664 sin
1726 4598 1821 4668 aliter
1844 4625 1879 4670 se
1904 4627 1958 4675 res

273 4695 414 4776 habeat,
438 4689 583 4757 noluisse
604 4683 790 4753 censendus
812 4702 869 4751 est.
893 4683 1045 4750 Tantum
1068 4703 1145 4773 ergo
1169 4679 1274 4766 abest,
1302 4693 1341 4748 ut
1364 4682 1527 4749 voluntati
1557 4687 1718 4776 principis
1746 4713 1780 4756 se
1807 4709 1957 4784 opponat

273 4787 356 4856 ciris
395 4777 611 4852 emendicatis
638 4776 705 4842 illis
727 4773 896 4865 rescriptis
925 4795 992 4840 non
1016 4794 1093 4840 mox
1117 4773 1272 4839 humores
1300 4771 1541 4856 submittendo,
1567 4794 1606 4842 nt
1629 4779 1833 4850 voluntatem
1858 4787 1957 4876 prin.

273 4840 370 4970 cipis,
387 4881 577 4966 promoveat
606 4867 727 4959 potius.
754 4865 848 4934 Nou.
875 4863 930 4930 58.
959 4869 997 4931 in
1016 4863 1129 4956 praes.
1153 4865 1336 4931 aeracium
1360 4879 1495 4929 tontum
1517 4889 1634 4933 sumus
1661 4887 1852 4962 amotores,-
1877 4873 1958 4945 haec

274 4963 462 5037 lustiniani
487 4979 521 5029 et
542 4958 737 5051 principum
759 4955 923 5024 mirorum
947 4955 1100 5022 omnium
1127 4977 1188 5020 vox
1211 4967 1272 5019 est.
1298 4953 1388 5046 Ergo
1411 4954 1534 5046 dignus
1557 4956 1656 5038 odio,
1678 4961 1738 5050 qui
1763 4961 1846 5030 fictis
1868 4963 1958 5033 colo·

272 5060 369 5127 ribus
390 5051 593 5123 desiderium
615 5071 715 5117 snum
738 5045 893 5138 exposuit
915 5046 1076 5136 principi3
1099 5042 1209 5111 lavore
1232 5043 1371 5136 dignus,
1395 5045 1455 5138 qui
1480 5044 1623 5114 detracta
1646 5047 1734 5118 larva
1766 5053 1955 5146 ingenuum

274 5173 309 5218 se
331 5149 417 5216 sistit
439 5145 560 5227 civem,
584 5158 618 5208 et
639 5141 772 5221 iterata,
796 5136 853 5204 sed
879 5159 955 5202 vera
978 5135 1054 5203 lacti
1079 5136 1256 5217 relatione,
1279 5135 1461 5226 genuinam
1486 5137 1646 5228 principis
1668 5139 1815 5229 explorat
1836 5145 1957 5214 nolun-

276 5253 387 5308 tatem.
403 5236 532 5306 Verum
555 5257 634 5302 cum
657 5251 726 5298 non
750 5251 878 5319 semper
901 5225 1115 5314 subditorum
1140 5249 1250 5316 preces
1271 5238 1434 5315 exspectet
1451 5227 1619 5317 princeps.
1635 5229 1690 5296 sed
1705 5238 1846 5326 proprio
1861 5255 1956 5306 motu

273 5355 327 5400 sae
353 5329 405 5397 ius
445 5349 533 5419 quae
556 5341 650 5393 cauta
676 5319 821 5412 reipubl.
846 5317 1045 5408 gubernatio
1067 5317 1190 5407 exigit,
1205 5317 1400 5396 constituat,
1420 5316 1535 5407 majori
1561 5325 1772 5390 veneratione
1797 5325 1875 5396 baec
1897 5353 1958 5396 ex·

274 5353 428 5513 cipiendb
452 5435 532 5486 sunt
554 5421 659 5508 jussa,
685 5425 716 5479 et
742 5409 880 5501 pronius
904 5408 984 5498 ipsis
1007 5407 1238 5498 praestandum
1263 5404 1471 5497 obsequium.
1487 5405 1626 5498 Quippe
1649 5433 1715 5478 non
1738 5411 1875 5483 dabitur
1899 5417 1957 5486 liic

274 5511 363 5580 inter
385 5510 540 5578 correlata
565 5505 621 5572 illa
646 5502 788 5574 voluisse
810 5516 844 5565 et
866 5497 1012 5590 paruisse
1036 5495 1195 5564 medium.
1212 5497 1310 5563 Unde
1334 5495 1530 5563 ut-enixius
1550 5499 1679 5566 volendi
1705 5503 1876 5571 arbitrium
1903 5520 1956 5572 te·

274 5616 382 5669 stetur
405 5601 558 5692 princeps
581 5613 614 5662 et
634 5593 789 5662 subditos
812 5587 854 5656 ad
878 5586 1018 5679 parandi
1043 5588 1182 5681 glorium
1205 5609 1244 5652 eo
1267 5589 1391 5653 certius
1413 5586 1638 5677 constringat,
1662 5615 1696 5658 se
1718 5599 1857 5686 proprio
1879 5619 1956 5662 mo-

251 5691 513 5786 nflberaque
537 5687 713 5763 uoluntate
737 5682 798 5751 boc
821 5677 999 5764 mandare,
1021 5678 1191 5772 rescriptis
1207 5677 1284 5746 auis
1312 5675 1403 5747 baud
1425 5697 1499 5744 raro
1529 5677 1710 5750 subnectit.
1734 5682 1888 5775 Quantae
1912 5690 1958 5758 sit
