4236 6258
543 417 963 536 nantuato
999 421 1109 532 ntn
1143 417 1568 543 suttonam

207 1359 395 1489 Tertium
413 1416 543 1484 tandem
563 1415 670 1508 prodit
694 1416 850 1484 volumen
869 1412 1141 1484 dissertationum
1164 1439 1218 1482 me
1234 1419 1385 1506 praeside
1408 1419 1443 1486 in
1467 1418 1629 1488 academia
1648 1415 1894 1486 francofurtana

207 1511 347 1600 publico
363 1510 511 1576 examini
535 1510 774 1599 expositarum.
799 1504 934 1572 Prolixe
958 1509 1053 1574 venia
1081 1506 1315 1598 publicationis
1332 1510 1413 1576 mihi
1431 1509 1594 1576 exoranda
1612 1508 1713 1593 soret,
1729 1533 1806 1578 cnm
1828 1531 1896 1574 nou

210 1602 373 1667 omuibus
388 1601 536 1666 materiis
552 1599 700 1690 aequalis
716 1597 864 1664 adhibita
893 1597 937 1661 sit
961 1597 1122 1664 industria
1148 1621 1207 1662 nee
1230 1596 1428 1666 adamussim
1452 1601 1563 1666 omnia
1589 1601 1897 1668 sisinciacum

214 1713 308 1774 tero,
325 1715 402 1758 cum
421 1714 486 1756 aon
504 1690 614 1784 ignota
631 1689 694 1755 tibi
710 1691 752 1754 sit
765 1688 1037 1754 exercitationum
1055 1687 1312 1754 academicorum
1329 1692 1430 1771 ratio,
1449 1713 1535 1784 quae
1553 1707 1599 1755 tot
1614 1689 1821 1758 diversorum
1841 1687 1896 1756 in·

223 1783 388 1870 geniorum
406 1794 519 1872 partus
534 1797 629 1860 sunt,
643 1778 836 1870 quibusque
854 1800 913 1868 pro
928 1777 1081 1844 libertate
1104 1777 1285 1844 academica
1304 1778 1548 1870 indulgendum
1572 1779 1755 1870 aliquando
1769 1791 1841 1864 est,
1858 1796 1898 1845 ut

228 1871 364 1954 rideant,
378 1893 555 1961 quousque
569 1871 737 1960 opinionis
752 1871 919 1959 cujusque
936 1867 1151 1932 fundamenta
1175 1892 1310 1934 examen
1337 1873 1521 1937 sustineant
1547 1870 1738 1961 publicum,
1762 1868 1896 1940 venians

220 1961 299 2026 land
317 1961 497 2030 dillieulter
514 1961 676 2049 largieris.
697 1958 935 2048 Deprelrendes
962 1960 1095 2024 iuterim
1120 1958 1281 2038 subinde,
1301 1984 1386 2050 quae
1410 1983 1476 2028 nen
1500 1959 1572 2028 sine
1596 1961 1707 2028 labore
1730 1961 1772 2026 ab
1795 1961 1897 2025 indu·

217 2054 299 2117 striis
315 2055 493 2142 juvenibus
508 2050 639 2117 collecta
656 2068 757 2139 atque
773 2048 915 2141 digesta,
929 2073 1014 2138 quae
1032 2070 1098 2113 nen
1125 2049 1252 2140 ingrata
1270 2050 1334 2115 tibi
1351 2049 1463 2116 futura
1489 2051 1635 2141 persuasi
1648 2075 1775 2117 sumus.
1792 2050 1895 2116 Utere

213 2142 296 2222 illis,
314 2157 345 2208 et
362 2144 482 2209 studiis
500 2141 619 2207 nostris
635 2141 777 2206 ulterius
796 2140 881 2204 lave.
907 2137 985 2227 Quo
1010 2160 1087 2204 vero
1111 2137 1248 2206 insimul
1274 2139 1336 2206 tibi
1362 2153 1509 2224 constes,
1534 2164 1620 2232 quae
1643 2141 1799 2208 materiae
1822 2150 1897 2230 post

211 2232 302 2316 illas,
320 2259 401 2327 ques
417 2236 452 2299 in
468 2231 669 2322 praefatione
685 2230 865 2297 voluminis
881 2227 928 2294 Il.
953 2228 1236 2320 consignavimus,
1277 2229 1397 2296 ublicis
1413 2229 1700 2298 dissertationibus
1723 2232 1758 2296 in
1782 2230 1896 2296 acade-

211 2326 278 2388 mia
297 2323 541 2392 francofurtana
559 2323 622 2387 sub
639 2339 747 2387 nostra
764 2321 945 2386 directione
970 2320 1005 2383 in
1029 2318 1216 2384 cathedram
1241 2251 1418 2400 diductae,
1436 2321 1509 2386 illas
1533 2321 1697 2410 subjicere
1714 2321 1824 2387 lubet:
1840 2319 1893 2386 De

204 2416 467 2508 privilegiorum
485 2417 777 2502 interpretatione.
797 2411 852 2476 De
860 2412 942 2500 jure
952 2410 1176 2501 praesentiae
1192 2413 1284 2476 eirca
1300 2414 1435 2498 negotia
1451 2411 1604 2502 imperii.
1623 2412 1680 2478 De
1686 2411 1824 2502 juribus
1842 2435 1899 2477 re·

207 2531 286 2570 ram
304 2531 372 2574 non
388 2505 620 2573 existentium.
636 2503 688 2568 De
704 2502 860 2593 delegato
881 2500 1062 2590 principis.
1080 2499 1137 2565 De
1153 2499 1404 2591 impedimentis
1427 2499 1606 2590 legalibus.
1633 2502 1690 2568 De
1712 2503 1814 2592 officii
1837 2525 1897 2569 ne·

206 2598 381 2664 cessitate.
401 2597 456 2663 De
472 2596 597 2662 damno
616 2592 714 2660 relus
731 2593 854 2659 alienis
870 2593 962 2657 licite
978 2591 1087 2658 illuto.
1110 2591 1165 2656 De
1174 2593 1260 2680 jure
1273 2591 1484 2683 privilegiati
1497 2609 1620 2660 contra
1632 2580 1893 2685 privilegiatum.

205 2689 265 2753 De
279 2704 483 2756 testamento
495 2686 647 2779 principi
663 2683 722 2751 cel
733 2683 848 2771 judici
860 2706 923 2772 per
936 2698 1190 2774 procuratorem
1206 2679 1328 2748 oblato.
1347 2682 1404 2748 De
1420 2683 1583 2750 civilitate
1601 2686 1732 2752 nociva.
1750 2687 1803 2750 De
1815 2686 1896 2748 civi·

203 2781 311 2845 litate
334 2779 499 2873 proficua.
513 2775 659 2844 Collatia
668 2777 765 2866 juris
782 2777 927 2867 rigensis
943 2797 1019 2841 cum
1038 2773 1120 2860 jure
1135 2776 1317 2838 communi.
1337 2773 1393 2839 De
1409 2797 1447 2840 eo
1463 2773 1554 2866 quod
1565 2773 1614 2864 fit
1636 2778 1710 2866 ipso
1726 2777 1820 2864 jure.
1837 2774 1891 2842 De

201 2870 464 2961 satisfactione.
485 2869 538 2935 De
555 2865 745 2932 matriculis
762 2864 995 2932 Pomeraniae.
1014 2865 1067 2930 De
1084 2865 1165 2952 'jare
1176 2877 1447 2956 praeceptorum.
1466 2865 1612 2955 Dejure
1622 2866 1797 2957 principis
1811 2863 1893 2930 sub-

201 2979 380 3029 terraneo.
399 2961 455 3028 De
466 2959 546 3048 jare
560 2960 727 3049 principis
743 2981 861 3024 aereo.
878 2956 930 3021 De
949 2955 1228 3047 physiognomia.
1249 2954 1305 3020 De
1321 2956 1452 3022 emissis
1467 2957 1718 3022 instrumentis.
1740 2956 1795 3022 De
1809 2958 1892 3046 jure

200 3054 332 3120 mariti
347 3056 384 3120 in
400 3050 496 3118 bonis
513 3049 644 3117 uxoris.
660 3049 714 3114 De
722 3051 806 3138 jure
825 3049 946 3115 uxoris
971 3049 1008 3112 in
1024 3045 1121 3112 bonis
1145 3047 1273 3111 mariti.
1299 3046 1351 3112 De
1372 3047 1608 3114 communione
1631 3046 1887 3136 appellationis.

200 3144 269 3212 De
284 3159 487 3210 testamento
502 3148 538 3209 in
554 3143 678 3208 itinere
692 3141 857 3228 confecto.
874 3138 927 3204 De
951 3137 1145 3204 desertione
1166 3137 1345 3227 conjugum
1367 3137 1556 3204 malitiosa.
1578 3138 1632 3204 De
1641 3139 1746 3225 facto
1762 3137 1890 3218 defien·

200 3238 259 3304 cti
272 3233 315 3300 ab
330 3233 476 3302 haerede
500 3259 569 3300 non
583 3230 803 3322 praestando.
819 3231 873 3297 De
886 3228 1078 3320 possidente
1094 3250 1163 3292 non
1179 3226 1322 3294 meliore.
1333 3227 1385 3294 De
1394 3231 1598 3295 necessitate
1614 3228 1740 3296 edendi
1754 3229 1891 3295 titulum

196 3332 444 3419 possessionis.
460 3326 513 3392 De
528 3323 754 3416 imputatione
757 3323 857 3408 sacti
879 3319 998 3387 alieni.
1014 3318 1066 3383 De
1082 3318 1335 3409 impugnatione
1339 3317 1440 3408 sirati
1451 3320 1597 3410 proprii.
1616 3320 1669 3386 De
1682 3334 1888 3388 testamenta

202 3418 378 3484 vassalli.
400 3418 454 3484 De
474 3415 675 3507 probatione
697 3413 991 3502 pertinentioram.
1017 3410 1073 3475 De
1096 3406 1214 3474 ordine
1236 3413 1444 3500 scripturae.
1470 3409 1527 3475 De
1548 3414 1745 3501 quaestione
1767 3426 1889 3478 status.

198 3509 360 3578 Collatia
370 3509 463 3599 juris
478 3506 640 3575 saxonici
655 3507 827 3572 novissimi
848 3517 883 3569 et
907 3500 1053 3569 romani.
1080 3498 1135 3564 De
1159 3498 1284 3566 illicita
1302 3500 1474 3580 falcidiae
1495 3497 1716 3569 detractione.
1737 3502 1790 3568 De
1813 3526 1890 3569 suc·

197 3601 360 3672 cessione
374 3604 412 3668 in
416 3599 533 3690 sendo
551 3595 712 3664 masculis
735 3611 769 3661 et
779 3597 947 3682 foeminis
970 3614 1140 3660 concesso.
1166 3588 1223 3655 De
1242 3590 1323 3676 jure
1347 3591 1623 3658 reservatianum.
1643 3593 1699 3658 De
1715 3592 1809 3659 salvo
1835 3617 1890 3659 re·

195 3717 338 3787 gressu.
356 3693 515 3779 Deseris
532 3687 741 3758 Germaniae
754 3683 996 3778 singularibus.
1007 3682 1060 3748 De
1076 3680 1274 3770 differentiis
1281 3682 1371 3770 juris
1387 3683 1547 3748 saxonici
1556 3681 1733 3770 ‚feudalis
1747 3698 1781 3749 et
1798 3707 1890 3749 com-

196 3785 334 3854 manis.
352 3783 404 3850 De
423 3783 517 3849 oiato
536 3783 710 3847 uincente.
727 3777 780 3842 De
788 3779 870 3866 jure
885 3773 1125 3867 suggestionis.
1146 3771 1200 3837 De
1209 3774 1292 3861 jure
1305 3775 1468 3865 putativo.
1486 3773 1538 3840 De
1554 3791 1680 3840 caetero
1697 3773 1783 3840 bene
1804 3773 1887 3840 vale.

298 3873 514 3942 Francofurti
532 3871 574 3939 ad
591 3869 754 3938 Viadrum
771 3866 839 3934 lsal.
855 3867 978 3934 octobr.
996 3886 1084 3931 arrue
1106 3859 1202 3950 1690.
