4228 6240
203 231 250 289 ‚13
670 225 720 282 DE
739 227 912 292 cantans
932 229 1224 304 ABUNDANTIBUS,
1246 252 1308 298 ιτα.
1719 243 1774 310 atl

156 331 211 386 actis
226 323 317 400 prioris
333 323 476 382 instantiae
486 331 627 396 appareat,
640 326 780 398 supersim:
792 330 953 398 promuscis.
1005 333 1084 386 ,iqui
1101 334 1161 403 quq,
1180 339 1306 404 Pomm,
1318 337 1378 408 ip„
1390 340 1448 408 im
1461 339 1532 392 nun„
1547 347 1618 403 ‚mm
1630 355 1686 410 ug·
1699 337 1716 392 ζ
1728 341 1759 396 n.
1770 337 1830 410 qm·-

155 417 227 482 ri,et
242 413 348 468 ulterior
366 413 461 483 ageauli
490 413 529 465 via
555 411 690 481 praecludi
710 417 793 466 soleat
814 433 861 484 per
880 418 953 470 clau.
1005 415 1065 469 dem
1089 427 1128 470 ῃ,
1154 433 1223 470 Μ,
1242 436 1382 488 „WM
1395 423 1533 493 mmcd·
1545 425 1683 478 emm·
1697 426 1763 482 min·
1774 423 1829 479 Μ

155 503 237 556 sulam:
254 497 402 568 gravamina
416 497 521 551 werden
540 496 584 552 alr
601 495 777 567 flberflusrig,
791 499 873 566 uuus,
887 517 954 555 ron.
1005 499 1102 553 decret.
1127 501 1144 552 l.
1175 501 1201 554 ri
1225 513 1308 556 tutor.
1324 507 1379 557 t.l.
1394 517 1417 558 2.
1441 506 1470 560 in
1492 505 1538 580 pn.
1558 519 1584 562 et
1601 519 1621 561 t.
1638 518 1691 562 nc.
1709 507 1740 561 in
1756 509 1828 580 quib.

60 613 62 652 ,
152 587 302 641 detractam
313 579 466 651 olliclofttr
477 582 647 636 bercblcrren
660 599 868 650 ungeuornmem
882 585 952 639 Gatt.
1005 597 1081 635 anus.
1105 581 1134 634 in
1159 581 1255 652 integr.
1271 588 1354 640 restit.
1367 605 1537 644 ussermann
1556 601 1597 645 ert
1607 591 1623 644 l.
1642 591 1671 644 in
1689 609 1765 646 cous.
1787 607 1828 648 ta.

152 671 188 724 tit.
202 681 222 721 t.
239 668 293 722 obs.
316 678 375 721 tae.
394 685 422 718 n.
442 677 466 718 t.
486 663 663 731 rerr.sormn
679 666 890 734 pronunciandi
900 668 951 722 rid.
1006 671 1029 728 ς.
1051 678 1074 718 ³.
1084 663 1125 734 Ι
1138 667 1170 722 de
1182 667 1280 723 minor.
1301 671 1318 722 l.
1333 671 1517 739 imperatorer.
1533 671 1617 743 ruff·
1629 674 1755 730 derebus
1769 685 1828 730 eut,

58 783 60 842 Ι
153 751 299 822 ριεηιρΗη
321 749 346 801 b.
366 749 411 803 (ln.
431 749 515 802 Merii
535 746 615 801 decis.
643 760 684 802 to.
706 757 807 802 amr.
825 759 956 819 t⁵.pnrt.
1000 748 1085 818 J'udic.
1122 750 1230 818 possid.
1255 752 1390 826 Amplicri
1407 757 1532 810 materiae
1549 769 1656 812 nostrae
1675 759 1829 814 dilatationi

57 843 60 938 q
155 832 546 906 t.etpussim.u1ibi.couler·
570 831 660 886 ordin.
691 832 793 886 tribuo.
820 834 955 890 Wismar.
1005 849 1067 886 auro
1085 833 1188 888 reniam
1209 853 1317 906 sperare
1337 855 1390 892 non
1407 839 1829 911 audeamus,laicgradumsisti·

57 939 59 994 l

150 933 213 996 μη,
226 935 249 976 3.
266 920 305 974 rie,
323 928 364 972 tu.
380 916 465 988 mſsa.
1007 935 1076 981 mus,
1096 917 1153 971 Deo
1175 919 1281 988 optimo
1301 921 1419 974 maximo
1437 939 1485 993 pro
1505 922 1609 976 indulta
1628 924 1755 979 hactenus
1774 927 1829 979 cle-

56 1013 58 1050 J
94 1019 114 1066 tt
181 1007 221 1060 Xl.
238 1003 274 1056 lli
293 1001 485 1057 lil'l‘EGllUM
508 999 726 1055 nEsTttuTto
750 999 894 1070 pariterue
912 1021 955 1073 ap·
1006 1003 1106 1055 mentia
1124 1002 1219 1069 gratias
1238 1003 1344 1057 devotas
1353 1015 1475 1076 agentes,
1495 1004 1618 1060 benevoli
1637 1022 1700 1060 raro
1718 1006 1826 1059 lectoria

55 1147 57 1176 ᾖ
154 1089 250 1164 palatio
273 1102 432 1162 superamus
455 1097 508 1156 est,
528 1083 633 1156 quoties
651 1101 697 1150 aa,
717 1093 810 1140 contra
823 1103 895 1157 -quae
913 1103 954 1140 re·
1004 1104 1118 1158 aequum
1128 1087 1260 1156 judicium
1273 1089 1408 1144 submisse
1426 1100 1557 1160 rogantes.

597 1305 1037 1412 ntsnunarto
1081 1333 1365 1427 unauna

437 1511 557 1623 bib
627 1508 881 1621 ΝΜ
949 1503 1522 1630 barabbam

791 1743 825 1787 1).
850 1741 921 1785 tttts.
947 1742 983 1784 ll·
1009 1741 1059 1786 ne.
1085 1741 1181 1788 mv.

861 1889 1074 1933 attenuarunt

485 2067 585 2136 tott.
610 2057 891 2134 CHRISTOPH.
916 2057 1161 2145 GUNTHER,
1184 2055 1312 2126 OLSN.
1335 2055 1479 2126 SILES.

708 2257 1267 2306 ...ψ-ι-

794 2477 1168 2574 anennoeton.

146 2721 241 2852 Hoc
265 2768 453 2866 agendum,
476 2761 569 2854 quod
593 2759 695 2852 egisse
711 2754 879 2848 poeniteat
896 2777 1088 2842 nunquam,
1104 2753 1290 2845 sapientum
1308 2751 1476 2821 monitum
1493 2765 1558 2837 est,
1576 2751 1717 2847 dignum
1736 2779 1816 2824 sanc

143 2865 336 2960 quotidiana
363 2863 429 2926 imo
455 2865 680 2922 momentanea
705 2845 922 2938 cogitatione!
960 2845 1030 2912 lloc
1063 2844 1134 2935 ipso
1157 2847 1280 2910 etenim
1314 2843 1410 2910 nobis
1444 2844 1646 2928 inculcatur,
1682 2846 1816 2914 oculum

144 2979 267 3045 semper
296 2953 339 3020 ad
366 2967 483 3016 metam
509 2967 577 3011 esse
599 2937 829 3032 dirigendum,
855 2934 1045 3027 nullasque,
1066 2936 1131 3002 nisi
1158 2947 1269 3002 nocato
1287 2935 1380 3024 prius
1395 2935 1430 3000 in
1446 2935 1623 3002 consilium
1640 2949 1746 3003 rectae
1764 2957 1816 3002 ra·

145 3049 243 3114 tionis
271 3042 417 3137 judicia,
442 3031 667 3126 sarscipiendas
688 3029 842 3095 actiones.
868 3025 922 3092 Sic
946 3029 1044 3092 vitam
1069 3048 1128 3090 seu
1153 3025 1297 3091 actiones
1323 3035 1448 3092 nostras
1464 3048 1638 3116 nimquam
1655 3049 1720 3090 aton
1738 3049 1816 3092 exo-

168 3151 252 3203 tatus
276 3129 557 3202 concomitabitur
580 3138 736 3202 eventus,
753 3118 899 3208 laetique
915 3115 1134 3183 conscientiae
1151 3116 1350 3206 tranquillae
1366 3112 1493 3184 fructus
1509 3117 1604 3183 nobis
1620 3129 1813 3184 accrescent.

145 3163 187 3296 l]
210 3229 270 3295 hoc
324 3223 435 3289 uidem
460 3242 498 3286 eo
523 3214 627 3307 magis
651 3206 841 3279 laciendum
866 3206 962 3274 nobis
986 3206 1167 3284 incumbit,
1191 3227 1258 3296 quo
1282 3205 1415 3272 brevior
1437 3219 1486 3272 eat
1502 3207 1588 3272 vitae
1605 3219 1733 3272 nostrae
1750 3219 1818 3272 ter-

146 3320 267 3386 minus.
295 3249 413 3379 litam
440 3310 531 3376 enim
557 3307 694 3372 brevem
718 3298 811 3365 vitiis
833 3296 1059 3364 devorandam
1075 3294 1221 3375 tradere,
1237 3317 1350 3362 annon
1367 3319 1490 3385 quaeso
1506 3296 1730 3385 turpissimum
1748 3296 1818 3363 est?

147 3410 228 3478 sane
255 3405 323 3498 ipsi
348 3399 504 3494 gentiles,
529 3418 614 3490 quos
639 3405 748 3458 tamen
775 3405 846 3478 post
869 3396 1063 3455 transactam
1087 3386 1171 3454 laanc
1195 3387 1314 3470 vitam,
1331 3405 1503 3452 secuturae
1520 3389 1604 3453 vitae
1620 3409 1693 3475 spes
1708 3389 1821 3454 omnis

145 3499 318 3579 destituit,
345 3495 445 3560 vitam
473 3505 617 3555 nostram
643 3480 721 3548 solis
746 3475 930 3544 virtutibus
952 3475 1203 3545 consecrandam
1235 3489 1455 3562 censuerunt3
1487 3500 1563 3542 cum
1598 3476 1658 3542 hac
1689 3479 1818 3544 ratione

149 3593 244 3658 sitam
271 3591 412 3655 brevem
436 3580 565 3671 longam
593 3575 722 3642 allicere
745 3567 925 3636 valeamus.
950 3567 1046 3635 Vivit
1071 3567 1159 3632 enim
1185 3585 1258 3656 post
1281 3565 1396 3633 lunera
1415 3566 1531 3632 virtus.
1549 3567 1638 3657 Ergo
1655 3577 1702 3632 sat
1720 3566 1840 3658 longa·

148 3695 193 3750 est
218 3683 287 3748 vita
317 3692 442 3754 nostra,
468 3675 493 3736 si
519 3681 567 3736 sat
592 3667 678 3734 beue
701 3660 888 3728 collocetur.
912 3659 1001 3725 Hinc
1025 3657 1146 3723 Seneca
1162 3657 1206 3724 de
1224 3657 1349 3726 brevit.
1368 3659 1426 3726 vit.
1441 3679 1473 3722 o.
1496 3681 1526 3723 r.
1544 3656 1623 3722 ll⁷on
1640 3657 1816 3748 exiguum,

147 3773 282 3864 inqust,
308 3764 473 3856 temporis
497 3759 674 3835 laudemur,
697 3749 758 3820 sed
782 3751 921 3818 multum
949 3748 1137 3840 perdimus.
1164 3745 1261 3815 Satis
1285 3747 1391 3839 longa
1414 3749 1510 3822 uita,
1533 3761 1565 3814 et
1588 3751 1819 3814 maximarum

146 3887 264 3930 rerum
292 3857 579 3926 consummatione
596 3849 695 3935 lorge
712 3841 797 3910 datu
814 3859 880 3923 est,
898 3846 930 3909 si
944 3857 1018 3908 toto
1041 3838 1126 3905 bene
1149 3838 1345 3904 collocetur.
1371 3837 1438 3908 Sed
1461 3837 1520 3905 ubi
1544 3861 1608 3928 per
1634 3839 1752 3904 luscum
1775 3861 1819 3906 ac

145 3955 399 4043 negligentium
421 3946 559 4040 definit,
583 3937 641 4005 ubi
666 3933 756 4002 nulli
777 3935 827 4000 rei
850 3933 959 3998 bonne
981 3929 1206 4023 impenditur,
1221 3929 1343 3996 ultimo
1371 3931 1508 3998 demum
1533 3934 1732 3997 necessitate
1762 3955 1818 3997 co·

144 4062 255 4137 gente,
282 4064 387 4132 qucum
411 4042 460 4102 ire
483 4057 552 4100 non
574 4027 823 4105 intelleximus,
847 4026 1029 4091 transiisse
1051 4023 1225 4088 sentimus.
1252 4019 1313 4087 Ita
1337 4037 1408 4102 est,
1433 4044 1501 4087 non
1525 4025 1715 4110 accepimus
1745 4019 1821 4088 bre-

145 4159 222 4202 m,
246 4135 370 4211 pisam,
386 4125 621 4218 sedficimus,
638 4141 700 4186 nec
712 4118 829 4206 inopes
846 4111 1010 4204 epum-sed
1022 4109 1163 4204 prodigi
1178 4133 1304 4178 sumus.
1321 4110 1451 4178 Verum
1467 4111 1559 4178 euim
1584 4133 1662 4178 vero
1677 4129 1820 4204 quotus-

146 4227 292 4318 quisque
317 4217 506 4288 mortalium
531 4229 595 4292 est,
619 4209 678 4302 qui
703 4207 817 4275 haecce
841 4229 918 4271 sana
943 4214 1054 4271 mente
1076 4201 1216 4294 cogitat?
1239 4201 1328 4269 Sane
1351 4201 1448 4270 multi
1482 4199 1569 4268 nihil
1597 4216 1719 4293 agunt,
1746 4205 1822 4292 plu·
1886 4265 1888 4271 .

146 4317 219 4384 rimi
247 4311 345 4380 aliud
369 4327 490 4400 agunt,
514 4303 607 4396 pauci
641 4301 703 4368 boc
734 4321 750 4363 a
777 4309 852 4362 unt.
878 4295 967 4362 Hinc
989 4317 1057 4361 noa
1082 4305 1189 4383 potest
1212 4315 1278 4360 non
1303 4294 1512 4382 querelarum
1541 4291 1701 4358 foecunda
1731 4318 1822 4384 seges

147 4404 412 4497 progerminare:
437 4399 583 4486 hincque
606 4390 719 4458 flebile
743 4322 843 4454 illuct:
867 4409 887 4453 ο
913 4385 996 4452 miti
1015 4384 1228 4475 praeteritos
1251 4397 1318 4450 etc.
1344 4383 1440 4450 toties
1457 4381 1749 4471 ingeminandum,
1765 4387 1822 4453 sed

146 4497 247 4562 nimis
270 4513 364 4572 sera,
388 4513 463 4556 cum
488 4496 634 4553 anteacta
658 4481 725 4548 vita
748 4476 860 4544 redire
883 4475 991 4542 nescia
1015 4477 1067 4542 sit.
1091 4473 1164 4540 tton
1190 4499 1267 4542 vero
1290 4475 1380 4540 inter
1427 4472 1550 4540 rivatoa
1570 4473 1718 4563 ¹parietes
1749 4489 1824 4541 tan-

146 4603 213 4653 tum
240 4583 378 4652 effectus
400 4603 478 4648 suos
499 4577 568 4644 rita
593 4583 739 4638 anteacta
764 4564 924 4651 effundit,
949 4589 1064 4634 verum
1093 4581 1176 4632 tunc
1209 4567 1308 4632 etiam
1344 4497 1477 4631 eosdem
1510 4577 1654 4646 exercet,
1689 4567 1825 4656 quando

147 4699 254 4745 coram
282 4672 428 4765 justitiae
452 4663 615 4735 tribunali
639 4658 901 4749 comparendum
924 4667 993 4744 esta,
1015 4679 1094 4721 cum
1117 4677 1159 4722 ex
1183 4658 1252 4724 rita
1276 4665 1423 4721 anteacta
1448 4653 1538 4720 haud
1561 4652 1643 4721 levis
1666 4672 1734 4721 tam
1764 4679 1827 4746 pro

148 4769 279 4860 aliquo,
304 4785 406 4853 quarn
429 4776 540 4826 contra
565 4753 712 4844 aliquem
736 4747 865 4814 oriatur
888 4747 1123 4837 praesumptio.
1147 4746 1268 4834 Qualis
1290 4745 1380 4810 enim
1399 4743 1634 4835 unusquisque
1650 4744 1732 4828 suit,
1749 4748 1824 4814 talis
1849 4781 1852 4790 ·

149 4859 246 4925 etiam
274 4877 368 4920 nunc
392 4871 459 4918 essa
481 4862 645 4914 censetur.
670 4839 759 4905 llinc
782 4839 853 4905 siae
879 4838 916 4903 in
940 4861 1033 4904 causa
1058 4837 1150 4904 civili
1174 4839 1246 4905 sire
1269 4835 1305 4901 in
1330 4834 1495 4901 criminali
1522 4857 1710 4916 versemur,
1734 4837 1823 4904 vitae

149 4959 316 5014 anteactae
340 4943 425 5010 ratio
450 4936 626 5026 utrobique
649 4931 800 4999 habetur.
824 4925 903 4994 Vita
927 4938 1073 4993 anteacta
1098 4927 1191 4993 enim
1214 4925 1364 4994 obscuris
1387 4947 1481 5016 saepe
1515 4923 1622 4992 lucem
1656 4925 1826 5012 affundit,

150 5037 324 5128 dubiaque
347 5030 457 5099 reddit
480 5027 627 5094 certiora.
651 5023 700 5088 Ita
724 5021 768 5085 ob
792 5018 893 5084 vitam
917 5029 1098 5084 anteactam
1117 5015 1211 5085 lacile
1227 5015 1306 5121 quia
1328 5016 1465 5082 carceris
1481 5015 1592 5082 lauces
1607 5017 1732 5085 evitare
1750 5031 1826 5108 pot·

152 5130 230 5205 erit,
266 5121 325 5192 sed
358 5133 390 5187 et
414 5119 508 5186 sacile
530 5115 574 5182 ob
596 5109 743 5181 eamdam
767 5131 898 5175 causam
923 5106 1039 5174 iisdem
1065 5107 1257 5198 mancipari.
1281 5105 1415 5173 Tacebo
1440 5105 1521 5172 alios
1545 5106 1629 5174 vitae
1660 5121 1829 5176 anteactae

153 5218 284 5285 effectus
308 5210 480 5304 plurimos.
504 5205 600 5294 Quae
624 5229 700 5271 cum
724 5201 769 5265 ita
792 5199 876 5274 sint,
901 5219 968 5264 non
992 5197 1236 5266 incommodam
1260 5193 1344 5264 banc
1366 5220 1437 5266 essa
1462 5199 1647 5280 materiam,
1674 5225 1738 5292 qua
1775 5199 1830 5264 in·

153 5309 290 5401 genium
316 5323 516 5379 exercerem,
541 5295 721 5363 arbitratus
744 5313 829 5356 sum.
852 5287 1002 5379 Ideoque
1025 5312 1119 5357 casus
1145 5287 1337 5380 palmarios,
1362 5289 1422 5353 ubi
1450 5289 1522 5377 jura
1555 5288 1596 5355 atl
1632 5291 1732 5356 vitam
1770 5313 1830 5354 au-

155 5409 293 5465 teactam
319 5391 517 5482 respiciunt,
540 5387 593 5453 laic
616 5384 763 5454 collectos
787 5377 911 5470 judicio
934 5395 1008 5460 tuo,
1034 5380 1065 5446 b.
1091 5378 1115 5444 l.
1140 5379 1302 5447 exhibere
1327 5377 1427 5446 volui.
1452 5377 1490 5445 Si
1510 5383 1744 5448 accuratiorem
1760 5373 1831 5446 ela-

155 5487 361 5556 borationem
385 5481 622 5570 melioremque
647 5474 730 5541 l'orte
753 5467 1167 5538 ordiucm'desideraveris
1184 5483 1285 5560 atque
1301 5467 1560 5551 connexionem,
1578 5483 1744 5538 memento
1761 5493 1829 5541 esse
1856 5499 1859 5506 ·

157 5576 351 5644 exercitium
375 5571 614 5652 academicum,
639 5559 794 5654 illudque
818 5561 976 5651 primum.
1000 5560 1090 5652 Ergo
1114 5567 1278 5630 actionem
1312 5585 1355 5628 ex
1388 5559 1576 5629 intentione
1607 5573 1641 5630 et
1673 5559 1831 5632 lacultato

159 5666 283 5760 agentis
305 5661 471 5758 dijudica,
495 5663 556 5756 qui
581 5655 687 5733 lavari
712 5667 770 5724 tuo
795 5649 904 5722 stadia
928 5675 987 5721 sua
1012 5649 1153 5722 ulterius
1175 5650 1400 5721 commendat.
