4328 6270
173 290 227 352 oto
605 275 1087 340 nuonnotnonnruontn
1107 275 1317 340 nomana
1699 277 1751 351 9³0

116 401 248 472 pronon
273 398 333 444 noe
355 397 408 442 rue
430 374 466 440 in
489 371 634 442 solidum
657 371 911 454 condemnabis,
935 376 995 442 aad
1018 391 1151 442 ratitum
1176 379 1212 440 in
1237 375 1289 456 id,
1313 370 1407 466 quod
1432 368 1537 438 locere
1552 372 1662 461 potui.
1688 371 1801 440 Denm

115 491 196 535 vero
218 491 250 534 o.
278 491 320 532 m.
343 465 485 558 supplici
511 487 610 530 moiun
635 477 667 530 et
690 462 809 528 duroto
835 477 946 531 mento
970 489 1126 548 veneror,
1150 480 1188 534 ut
1212 465 1366 530 divinum
1390 487 1489 530 auum
1518 484 1714 532 cotisonsuur
1749 463 1802 530 hie

115 561 243 648 coeptis
268 558 347 625 meis
371 556 543 648 impertite
566 553 664 642 velit,
687 574 755 648 qno
777 556 948 622 assistente
970 559 1045 648 ejne
1067 559 1173 648 gratio
1195 556 1308 624 omniu
1332 577 1370 620 ee
1395 567 1471 621 voto
1492 550 1628 642 οοάοοῑ,
1658 570 1692 624 et
1725 578 1803 626 euo-

121 648 243 715 cedant

773 756 806 812 1
818 755 851 810 E
863 757 889 812 L
905 759 926 812 l
941 758 966 813 C
979 761 998 814 l
1018 759 1044 813 Τ
1058 757 1091 811 B
1104 757 1150 814 R!

799 971 1050 1050 CAPUT
1096 979 1125 1048 Ι.

631 1163 685 1232 De
709 1162 922 1258 obligatione
930 1165 1081 1258 feudali
1102 1168 1140 1232 iu
1160 1188 1294 1258 genere.

354 1341 426 1395 aa
441 1338 477 1393 l!
491 1338 527 1393 l!
540 1338 569 1392 A
588 1337 614 1390 ll
632 1339 651 1392 l
666 1335 696 1390 A
989 1341 1037 1392 An
1039 1334 1131 1406 fiala
1140 1335 1282 1408 praecipue
1296 1339 1407 1392 Pomer.
1421 1336 1748 1408 eompnlendantareut
1763 1357 1809 1412 ge·

1027 1425 1118 1477 nerali
1128 1423 1277 1492 hypotheca
1290 1423 1414 1478 omnium
1426 1422 1585 1478 bonorum?
1597 1425 1663 1494 Neg.
1676 1443 1705 1478 rr·
1720 1437 1763 1478 to.

115 1511 262 1580 Ingressus
271 1500 474 1572 disputationis.
488 1519 517 1555 n.
535 1511 559 1556 t.
573 1512 598 1555 a.
996 1508 1069 1574 (laici
1079 1508 1184 1576 dejure
1196 1505 1360 1560 communi?
1373 1524 1400 1558 n.
1415 1517 1462 1560 tr.

114 1591 285 1664 offerentia
300 1589 372 1642 iuter
387 1603 548 1641 eonsensum
567 1597 595 1642 et
613 1587 855 1662 aottfiunationem
873 1603 941 1644 oon·
991 1595 1038 1645 An
1054 1593 1144 1645 valeat
1157 1590 1288 1661 alligatio
1300 1589 1414 1644 vassalli
1423 1607 1484 1644 eam
1491 1601 1571 1660 paolo
1584 1591 1618 1646 ele
1629 1589 1809 1662 ingrediendo

152 1685 264 1729 tractus.
277 1691 305 1725 n.
321 1687 344 1726 s.
1017 1673 1163 1743 fiotum?
1177 1691 1204 1726 n.
1218 1684 1261 1726 ue.

120 1759 273 1814 Generulla
286 1755 423 1828 quaedam
436 1755 469 1808 tie
482 1771 626 1812 oonsenru.
640 1778 666 1812 n.
685 1767 709 1812 t.
992 1759 1144 1812 tornatae
1157 1759 1291 1828 ejusmodi
1298 1755 1379 1826 paoli.
1392 1775 1420 1811 n.
1436 1767 1477 1810 tr.

113 1841 264 1900 Distiuotio
275 1840 349 1894 inter
357 1839 540 1909 alabitaseudt'
550 1853 577 1895 et
589 1843 711 1896 vassalli.
722 1859 749 1894 n.
764 1853 788 1896 t.
883 1827 886 1840 .
996 1842 1069 1909 (tuta
1079 1842 1131 1895 ltoc
1141 1853 1252 1916 paetum
1265 1843 1411 1913 operetur?
1422 1859 1450 1893 n.
1464 1853 1507 1894 ta.

117 1931 264 1998 Quaenam
280 1924 507 1995 delitaseuduliu
521 1926 637 1979 dicenda
649 1925 663 1978 l
675 1945 704 1980 n.
719 1939 743 1980 o·
991 1927 1024 1977 οἳ
1032 1925 1139 1977 debitor
1150 1927 1258 1979 resistat
1270 1925 1337 1999 guil
1343 1927 1440 1995 juris?
1452 1945 1478 1980 n.
1495 1939 1537 1980 aa.

114 2017 195 2068 lnter
216 2031 248 2065 ea
273 2010 390 2082 primurn
415 2020 456 2065 est
480 2026 551 2065 onae
576 2011 774 2066 elooandurutn
796 2015 940 2067 sororum.
994 2010 1041 2060 An
1054 2007 1285 2062 nohiliotaeruto
1300 2011 1454 2064 necessaria
1466 2009 1811 2084 vuaetalrieliaeafiutle

156 2113 183 2147 n.
197 2105 222 2146 t.
1027 2090 1206 2160 relinquenda
1218 2091 1298 2144 sint?
1311 2111 1337 2145 u.
1352 2107 1393 2146 so.

118 2183 169 2235 An
182 2179 233 2230 dos
241 2177 375 2233 deleatur
386 2175 517 2246 erfiaalo
530 2177 560 2230 in
575 2175 749 2232 subsidium?
761 2193 789 2229 n·
800 2185 826 2230 a.
991 2169 1172 2242 Affirmatur.
1186 2191 1213 2228 n.
1227 2189 1269 2231 et.

123 2265 235 2332 Quanta
249 2261 285 2314 eit
295 2262 347 2316 dos
359 2261 386 2314 in
403 2261 596 2315 Pomeranial
610 2279 637 2314 n.
651 2273 676 2313 o.
992 2257 1133 2312 Rationes.
1147 2277 1175 2310 n.
1189 2269 1232 2311 ot.

118 2347 274 2403 Secundum
299 2362 372 2401 onies
384 2344 506 2417 stadele
530 2356 591 2410 est,
616 2344 739 2400 dotalitii
767 2343 938 2400 constitutio.
992 2343 1025 2394 ln
1038 2341 1169 2394 Souania
1180 2340 1220 2394 ita
1232 2340 1344 2396 obtinet.
1355 2362 1384 2397 n.
1398 2355 1441 2399 es.

154 2451 183 2486 η,
199 2442 239 2485 tt.
991 2425 1031 2477 tte
1043 2423 1071 2478 in
1084 2441 1194 2480 camera
1206 2441 1258 2480 ser·
1271 2426 1305 2480 el.
1318 2427 1416 2482 brand.
1427 2426 1468 2484 ita
1475 2425 1641 2499 saluatum.
1654 2449 1682 2489 n.
1696 2447 1744 2491 st.-

115 2519 167 2574 An
182 2531 317 2570 consensu
330 2511 440 2568 domini
450 2513 489 2570 ad
496 2509 652 2567 dotalitium
664 2527 733 2582 opus
744 2509 801 2564 rit?
813 2527 842 2563 n.
858 2522 898 2566 tt.

119 2605 192 2674 Quid
203 2613 330 2672 operetur
345 2615 495 2654 cousensus
506 2597 612 2652 domini
624 2599 651 2650 iu
667 2599 723 2650 tot.
734 2615 763 2650 n.
779 2605 820 2649 tt.
991 2545 1035 2650 ln
1052 2590 1149 2646 limine
1166 2591 1356 2664 disputationis
1374 2605 1479 2650 nostrae
1497 2613 1551 2650 nou
1570 2615 1614 2654 me
1630 2599 1738 2672 prolixe
1765 2602 1811 2658 eie·
1850 2644 1860 2688 ¹

115 2687 287 2758 sponsalitia
301 2683 432 2755 largitae,
448 2699 548 2736 meroes
566 2679 767 2746 habitationis,
788 2689 816 2735 et
841 2678 939 2736 eleuat.
991 2676 1083 2730 tinebo
1101 2678 1171 2729 oiroe
1190 2678 1332 2732 rubricam.
1357 2679 1413 2734 Neo
1438 2697 1594 2752 magnopere
1621 2685 1696 2738 oiroe
1721 2703 1811 2742 woetu
1850 2729 1865 2770 2

152 2781 264 2841 propter
274 2777 347 2838 nupt.
363 2785 400 2822 an
413 2784 499 2821 onera
503 2764 588 2838 senil
600 2783 627 2820 n.
644 2777 685 2820 tt·
990 2775 1135 2815 ooueeneue
1153 2777 1198 2814 ero
1215 2763 1362 2827 sollicitae,
1381 2773 1408 2816 et
1425 2781 1458 2817 nu
1477 2766 1578 2820 reatina
1594 2767 1700 2822 ‹lieetur
1724 2771 1811 2841 priui-

118 2857 167 2908 An
179 2851 419 2922 paraphernalia?
436 2869 465 2904 n.
482 2863 523 2904 to.
988 2841 1103 2912 legion,
1122 2846 1163 2898 uel
1180 2847 1261 2914 gretie
1278 2847 1520 2918 rastisponae,
1541 2867 1593 2904 nou
1608 2854 1752 2924 iuquirem3
1770 2855 1816 2909 eui

117 2941 152 2991 lu
166 2936 335 2992 Pomerania
351 2945 529 3005 augmentum
546 2933 721 2987 detinuit.
989 2929 1098 2998 tulupa,
1118 2931 1219 3000 poterit
1236 2930 1285 2984 hee
1303 2931 1336 2983 de
1354 2949 1383 2984 re
1403 2933 1494 2988 ridere
1513 2935 1640 2988 Rosenllu.
1655 2937 1769 3007 &seua
1783 2956 1808 2994 o.

118 3023 165 3077 lle
181 3019 464 3092 delitisseuduliius,
479 3019 675 3095 guaeinseua
703 3017 848 3076 utilitatem
874 3027 941 3074 eunt
989 3015 1114 3066 manuel.
1129 3027 1208 3068 ton.
1224 3028 1248 3070 o.
1261 3019 1431 3087 etseqpfloe
1451 3027 1537 3070 tumen
1550 3021 1695 3090 praeterire
1707 3022 1752 3075 hio
1765 3039 1812 3078 ne·

159 3123 244 3162 aereo.
256 3126 285 3160 n.
301 3118 341 3160 tt.
987 3115 1070 3168 queo,
1089 3115 1137 3170 per
1154 3097 1312 3154 οοιίοοοοοιο
1327 3103 1372 3154 hio
1386 3118 1440 3154 nou
1455 3101 1569 3171 intelligi
1581 3101 1810 3162 uiufirnetlououe

119 3191 241 3248 Petronia
254 3189 557 3260 quassari-stimme,
569 3209 598 3244 η.
616 3199 656 3244 tt.
986 3193 1151 3248 oontreotue,
1168 3185 1274 3255 quando
1292 3187 1351 3238 ecit.
1376 3189 1501 3258 priuoeps
1530 3198 1696 3244 ooutreoturn
1728 3208 1810 3263 super

119 3275 259 3328 salarium
273 3275 411 3328 advocari,
427 3295 456 3328 η.
476 3287 517 3329 uo,
988 3267 1068 3322 leudo
1087 3269 1184 3324 inituro
1202 3267 1359 3335 uouirtuete
1379 3274 1490 3325 multum
1510 3275 1582 3327 enim
1601 3274 1674 3329 iuter
1698 3296 1814 3334 uoueeu·

117 3356 264 3412 llesiduurn
275 3359 361 3428 pretii
371 3358 552 3432 guofiuilutn
566 3368 606 3414 ert
617 3369 743 3430 emptum.
752 3373 778 3412 n.
793 3367 837 3411 rt.
987 3369 1046 3408 enni
1064 3354 1097 3410 ile
1113 3373 1167 3426 quo
1184 3356 1229 3409 hio
1246 3357 1352 3426 egitur,
1368 3370 1395 3412 et
1405 3354 1638 3414 oouiirmetionem
1651 3361 1730 3414 istem
1743 3379 1809 3418 ouu-

115 3445 165 3499 Au
179 3443 269 3501 delita
282 3445 392 3500 ratione
393 3442 544 3514 fruetuum
555 3447 717 3500 eontracta?
729 3463 756 3498 n.
771 3453 814 3496 tr.
991 3449 1089 3494 trertue
1108 3441 1230 3496 interest.
1249 3443 1315 3495 Cum
1334 3459 1397 3498 sero
1415 3447 1528 3497 multum
1543 3445 1592 3500 troo
1603 3446 1632 3499 in
1646 3463 1751 3502 reoeseu
1764 3450 1811 3504 he-

114 3529 165 3582 An
178 3527 295 3595 paeanio
309 3539 403 3584 mittan
414 3525 881 3601 sumptarationeeenitioramin.
895 3535 937 3582 tt.
986 3523 1063 3589 beat,
1082 3525 1152 3580 intre
1172 3527 1292 3597 ptorilm
1311 3529 1359 3582 beo
1377 3529 1410 3581 to
1428 3544 1458 3581 re
1475 3548 1491 3582 ι
1513 3530 1677 3586 metuunt.
1692 3533 1745 3584 Alii
1759 3533 1813 3585 ‹ttr-

115 3614 167 3666 An
181 3611 410 3667 meliorationes?
422 3631 452 3667 n.
466 3623 510 3666 at.
987 3606 1128 3665 iereinieru
1146 3629 1250 3682 quoque
1268 3611 1370 3666 laniunt
1388 3613 1460 3668 inter
1478 3629 1633 3668 eonsensum
1651 3631 1683 3668 er
1696 3619 1813 3670 neaem-

111 3695 159 3750 De
169 3695 259 3749 debito
272 3697 423 3752 stridiorum
439 3714 524 3752 roura
538 3705 691 3752 eontracta.
704 3713 732 3750 n.
746 3705 788 3752 tt.
988 3701 1041 3746 tete
1059 3706 1084 3749 et
1102 3698 1175 3748 iuter
1184 3713 1342 3750 eonsensum
1352 3713 1386 3750 ea
1400 3709 1542 3770 spontaneo
1554 3710 1627 3754 motu
1640 3703 1805 3774 praestitum.

111 3781 166 3835 An
180 3779 302 3838 letitima
314 3781 432 3835 debitum
433 3780 576 3850 scutale?
587 3799 615 3833 n.
630 3793 672 3840 ra.
988 3776 1040 3830 Sed
1058 3779 1087 3832 iu
1106 3782 1238 3850 praesenti
1258 3783 1364 3836 materie
1383 3799 1476 3852 perum
1496 3785 1624 3839 interesse
1642 3788 1762 3856 ridetur,
1775 3807 1811 3843 en

109 3865 164 3919 An
178 3861 308 3936 eefiudo
322 3881 396 3921 nono
409 3864 530 3936 legitima
541 3865 674 3920 &lentur
689 3863 719 3918 in
740 3863 938 3922 Pomeraniai'
985 3877 1129 3917 ooneeneue
1146 3883 1180 3920 ex
1200 3867 1369 3932 menoetius·
1387 3885 1421 3922 ¹¹n
1434 3885 1468 3921 ex
1481 3881 1628 3940 spontaneo
1642 3883 1715 3926 ruotn
1729 3890 1807 3944 pree·

151 3965 179 4002 n.
195 3958 238 4000 re.
987 3954 1083 4012 stetur,
1101 3948 1148 4002 sed
1166 3948 1223 4004 lere
1237 3950 1408 4018 coincidunt,
1423 3952 1501 4006 modo
1512 3955 1564 4009 alie
1582 3956 1703 4026 legitime
1714 3957 1809 4016 edsius

105 4033 190 4089 Filia
202 4053 273 4103 auae
283 4031 432 4106 legitimam
445 4034 526 4090 tatu
538 4030 668 4102 eustatio
681 4033 772 4090 elatem
786 4043 878 4108 petere
889 4054 937 4091 ne·
987 4032 1120 4102 requisita.

152 4117 318 4187 quiante.
1024 4115 1080 4168 etit
1098 4133 1253 4176 ooueenenru
1272 4121 1343 4177 hune
1371 4123 1495 4180 dividunt
1526 4126 1555 4181 iu
1584 4127 1696 4186 troitum
1719 4141 1747 4189 et
1765 4150 1812 4190 ex·

106 4199 266 4262 Banensae
279 4199 403 4271 insuaue
415 4202 535 4257 vassalli
549 4221 579 4257 n.
592 4215 636 4259 to.
986 4213 1113 4269 wunsam.
1136 4205 1188 4258 Sed
1208 4209 1302 4262 tacitae
1326 4225 1470 4264 oouseoeus
1495 4213 1654 4283 regulariter
1680 4215 1726 4271 hie
1751 4225 1809 4274 uon

106 4285 259 4342 Alimenta
269 4283 393 4356 profilia
407 4285 557 4356 aeljiarre
567 4285 694 4344 innubili.
705 4305 733 4344 tt·
748 4295 790 4344 at.
984 4283 1071 4352 velet,
1090 4287 1138 4340 aed
1154 4304 1297 4360 expressus
1315 4292 1395 4348 debet
1411 4313 1483 4363 esre,
1504 4299 1527 4351 ai
1545 4296 1696 4354 effieeoiurn
1709 4303 1738 4356 iu
1752 4303 1807 4360 leu-

105 4369 245 4426 Delitam
261 4369 295 4423 ab
308 4369 533 4424 contributiones·
546 4391 574 4426 n.
589 4383 631 4427 st.
986 4371 1029 4424 dte
1046 4371 1143 4427 hebere
1161 4375 1266 4430 debent.
1289 4379 1409 4432 Proinde
1432 4398 1486 4434 nou
1512 4382 1546 4438 tle
1570 4383 1650 4441 troilo
1674 4404 1807 4446 ooneensu

107 4449 447 4522 Mercedessamulorum.
462 4471 491 4506 n.
507 4467 548 4509 ss.
986 4469 1015 4506 aa
1034 4471 1101 4526 quae
1116 4457 1162 4512 hio
1180 4459 1322 4526 linuntur,
1343 4463 1517 4536 intelligendu
1530 4477 1626 4536 eruut,
1641 4471 1689 4528 ul
1701 4483 1806 4532 tantm

108 4539 267 4608 Erpensae
278 4537 423 4608 nuptiales.
436 4557 464 4592 n.
479 4549 521 4590 tt.
985 4535 1019 4590 tle
1035 4553 1165 4610 expresso
1189 4545 1229 4597 De
1247 4543 1298 4600 hoo
1315 4546 1404 4618 itaque
1421 4565 1544 4620 praeseus
1569 4558 1688 4612 tractatio
1712 4574 1803 4620 nostre

107 4619 878 4695 Anveditmtenentarrelietnsaaltypotlteeafiatlali,
892 4625 936 4682 tle·
985 4620 1056 4688 erit,
1074 4634 1099 4677 et
1116 4642 1165 4697 per
1181 4625 1252 4680 huno
1268 4627 1388 4687 breviter
1407 4633 1599 4705 intelligimus,
1621 4643 1728 4712 quando
1756 4646 1805 4703 do·

151 4705 235 4761 bitem
247 4724 284 4759 ea·
295 4707 519 4774 allodiopeterel
532 4728 561 4762 u.
575 4720 619 4760 ta.
983 4707 1073 4760 tainus
1097 4709 1170 4763 leodi
1189 4721 1217 4765 et
1233 4715 1324 4783 agneti
1354 4719 1466 4774 resulto
1492 4722 1627 4778 licentiam
1654 4731 1804 4789 rouueduns

103 4791 164 4849 ’1ο
173 4788 739 4862 proaelitisfiulaliluscompetattaaita
755 4795 936 4866 lypotlteaa?
983 4802 1095 4862 propter
1112 4811 1156 4850 ees
1174 4796 1291 4851 alienum
1309 4797 1342 4852 de
1359 4800 1438 4858 teoto
1455 4805 1634 4877 disponendi,
1652 4811 1724 4881 quod
1742 4816 1803 4872 eine

149 4894 178 4930 n.
193 4886 234 4928 et.
247 4891 317 4946 seqq.
983 4897 1074 4935 eorum
1092 4897 1222 4934 ooneeneu
1240 4883 1305 4936 eliae
1323 4887 1377 4958 ipsi
1395 4888 1508 4943 liberum
1535 4911 1588 4948 non
1613 4907 1661 4950 est.
1692 4899 1804 4957 Etenim

106 4963 157 5018 De
172 4959 271 5014 debitis
282 4959 404 5016 vassalli
424 4979 452 5015 n.
468 4969 508 5016 to.
983 4983 1015 5020 er
1034 4964 1122 5019 leudis
1140 4969 1301 5036 regulariter
1319 4973 1391 5024 nulla
1409 4972 1496 5030 debite
1514 4979 1639 5034 solvenda
1654 4996 1729 5050 eunt,
1744 4987 1801 5042 niel

107 5041 251 5114 Aufiliur
263 5043 436 5115 relagnatae
444 5041 930 5114 porsitreputliatalaeretlitatereli·
982 5067 1048 5122 qune
1065 5050 1170 5104 domiui
1186 5060 1214 5104 et
1230 5063 1384 5121 agnatorum
1403 5075 1532 5114 oonsenen
1551 5076 1611 5119 sunt
1635 5069 1754 5139 monitu,
1772 5081 1802 5127 es

148 5125 398 5198 nenseatlttmltt·
416 5139 458 5183 ⁴²·
981 5133 1090 5205 quidem
1109 5147 1230 5206 respecta
1247 5139 1350 5193 domini
1369 5153 1478 5214 propter
1495 5164 1594 5203 uenum
1613 5151 1689 5206 illurn
1708 5156 1799 5214 leod..

107 5217 161 5268 An
175 5223 291 5280 agnatus
305 5215 335 5268 in
350 5216 430 5269 Pom.
443 5221 663 5270 teneataromtte
681 5216 784 5272 tresel.
807 5215 933 5288 defuncti
980 5218 1050 5282 lem,
1067 5217 1114 5288 quii
1133 5218 1280 5275 inteream
1300 5236 1326 5278 et
1342 5229 1482 5282 vassallum
1500 5230 1660 5300 intrarentin
1673 5252 1798 5310 respectu

148 5295 275 5351 soluere?
287 5313 316 5349 n.
332 5306 374 5350 te.
979 5312 1131 5371 egnetontru
1150 5313 1259 5376 propter
1274 5307 1317 5374 jue
1333 5312 1501 5379 quaesitura,
1519 5316 1589 5385 quod
1609 5319 1637 5374 iu
1648 5319 1737 5378 leudis
1749 5327 1797 5382 he·

114 5380 243 5480 Papinum
253 5377 472 5478 pignguinseutl.
486 5383 697 5480 Pomeran.pro
710 5383 839 5440 omullus
856 5385 930 5443 aett·
981 5384 1053 5441 beut.
1069 5385 1205 5442 Coueem
1222 5389 1311 5462 itaque
1328 5409 1422 5451 eorutu
1441 5399 1518 5455 toties
1535 5419 1601 5474 opus
1619 5415 1674 5476 est,
1693 5409 1797 5481 quoties

148 5474 185 5516 trs
195 5475 338 5525 constitua,
353 5465 426 5518 male
437 5473 574 5520 asseratur.
589 5481 616 5516 n.
633 5475 674 5518 tt.
977 5487 1037 5524 aere
1055 5471 1141 5525 alieno
1158 5484 1302 5546 graventur
1320 5477 1408 5534 leude.

111 5547 364 5621 Quatenueualeat
373 5548 505 5621 obligatio
528 5547 641 5602 vassalli
644 5585 655 5614 ,
679 5551 731 5605 sul
757 5551 927 5629 alligatione
1013 5555 1151 5613 Caeterum
1169 5561 1232 5617 lieet
1249 5565 1406 5636 regulariter
1424 5567 1462 5623 ite
1480 5569 1530 5637 eit,
1550 5585 1575 5630 et
1585 5593 1729 5634 consensus
1743 5577 1792 5635 rio·
1831 5594 1844 5638 t

138 5631 349 5702 manmit,
402 5715 410 5732 ·
591 5715 599 5732 ο
685 5686 704 5702 g
977 5642 1045 5694 mini
1064 5653 1093 5698 et
1109 5655 1264 5715 agnatorum
1284 5653 1400 5721 praecise
1429 5655 1521 5711 edesse
1551 5659 1663 5731 (leben,
1692 5667 1794 5736 quoties

116 5717 275 5791 lipparim
287 5717 423 5788 maenala
433 5713 615 5791 nonruffioet.
628 5735 655 5773 n.
669 5729 714 5775 res
792 5725 799 5741 ‘
976 5725 1067 5782 debite
1084 5743 1117 5784 er
1134 5727 1213 5786 leudo
1231 5731 1368 5806 uisenda,
1388 5743 1515 5810 quonium
1540 5753 1630 5807 tenen
1654 5749 1745 5809 debite
1765 5764 1797 5812 ee
