4338 6240
246 241 297 316 lv

766 239 817 294 aa
834 232 1039 312 Quaavvsva·
1050 232 1223 302 ,carusius
1240 245 1302 286 avc.

1781 245 1833 310 iad

177 359 315 402 excusare
331 339 484 408 vassallum,
510 338 556 410 qni
582 346 681 392 secreta
702 334 807 390 domini
832 333 977 400 revelavit,
1000 350 1014 384 a
1056 328 1276 400 sentiment.
1299 341 1320 384 t.
1328 325 1411 400 fiad·
1432 339 1472 386 ts.
1488 333 1565 390 steri.
1588 334 1632 390 vel
1645 335 1811 394 credentiam
1830 341 1884 395 ttae

187 445 274 499 poena
293 426 451 496 privetiouis
471 424 562 488 leudi,
582 425 672 478 Jaoob.
693 421 726 475 de
744 420 814 474 bello
833 422 891 474 visu
911 420 939 472 in
952 435 974 470 c.
988 415 1014 468 si

188 507 340 580 capitanei.
358 508 430 578 qaid.
450 507 611 578 morisend.
626 505 714 558 amitt.
730 506 847 558 Alvarot.
859 503 898 556 cd
908 503 934 556 d.
946 513 1012 556 text.

110 609 152 654 ἰι
182 611 220 646 ιι.
240 604 264 646 t.
283 595 318 646 Et
337 595 383 646 bac
402 595 504 648 ratione
523 593 628 664 culpam
648 592 727 644 latam
750 588 885 642 versutiae
903 588 952 640 boe
972 607 1014 640 ca·

182 703 222 740 -au
241 679 415 734 neeessariam
434 694 491 730 esse
509 689 570 748 puto
584 713 591 738 ,
606 684 636 728 ut
654 675 703 726 sub
723 673 767 726 illa
787 687 875 724 crassa
890 672 1012 740 ignoran-

176 771 229 824 -tia
254 763 357 836 aliquid
382 763 436 815 doli
462 760 631 824 latitaverit3
662 758 733 812 unde
761 755 879 828 priorem
909 765 1013 808 senten·

191 853 258 904 tiam
283 847 319 900 ita
346 853 495 914 temperant
518 842 563 895 dal.
587 840 658 911 quod
685 849 746 892 tuuc
781 838 908 892 vassallus
934 836 1011 890 leudo

190 936 229 987 sit
245 927 402 1002 privandus,
421 927 446 978 si
463 925 592 978 revelatio
610 933 773 977 secretorum
799 921 957 992 processerit
979 939 1012 976 ex

191 1013 344 1086 ignorantia
363 1011 428 1064 adeo
446 1026 532 1062 erassa
554 1019 581 1062 et
600 1007 712 1078 supina,
731 1015 761 1060 ιιι
779 1005 808 1058 in
826 1023 857 1059 ea
875 1006 1014 1074 exaliqui-

191 1101 242 1156 bus
260 1094 467 1152 circumstantiis
480 1091 554 1146 dolus
569 1103 595 1146 et
614 1090 684 1145 lraus
697 1090 771 1158 argui
785 1089 877 1162 possit,
890 1090 920 1142 in
933 1108 1011 1160 quam

192 1182 350 1242 senteutiam
370 1191 487 1234 auctores
511 1177 602 1230 citavit
632 1175 772 1228 Schrader.
799 1171 924 1243 defend.
945 1192 968 1228 c.
989 1188 1013 1228 ι.

193 1291 223 1326 n.
241 1281 285 1322 ιι.
304 1267 333 1322 in
342 1263 401 1336 fin.
421 1262 498 1334 Quod
517 1270 755 1330 temperamentum
775 1276 827 1312 non
855 1259 946 1312 saltem
969 1275 1011 1311 ea·

180 1365 300 1428 ,propter
319 1348 495 1402 necessarium
515 1356 596 1417 puto,
615 1343 685 1414 quod
705 1342 817 1396 leudista
840 1356 861 1394 ι.
869 1340 952 1412 freed.
974 1354 1015 1396 tt.

191 1453 319 1510 expresse
337 1433 410 1498 velit,
425 1442 454 1484 ut
468 1430 630 1484 credentiam
650 1427 804 1484 revelaverit
829 1427 953 1492 scienter,
966 1427 1011 1480 sed

181 1535 219 1578 et
236 1522 298 1592 quia
317 1518 427 1570 ulterius
439 1513 565 1584 exigitur,
580 1525 609 1566 ιιι
620 1512 774 1566 revelaverit
785 1512 814 1564 in
829 1512 954 1566 ιιιιιιιιιιιιι
967 1513 1013 1566 do·

192 1607 281 1670 mini,
299 1603 333 1657 de
351 1621 401 1672 quo
421 1603 474 1669 jana
494 1600 605 1652 ulterius
623 1599 764 1666 agendum.

118 1715 156 1760 aa
230 1688 389 1759 Requiritur
408 1687 496 1754 itaque
515 1681 574 1753 (tt.)
592 1683 717 1734 damnum
738 1681 857 1746 dumiah
870 1681 895 1734 d.
909 1691 974 1736 tract.
990 1691 1012 1735 t.

180 1772 265 1844 fiad.
287 1783 328 1824 ιι.
347 1767 445 1822 ιιιιιιι.
466 1766 498 1818 de
519 1764 804 1821 statuerumt.
828 1784 856 1818 a.
882 1777 905 1820 a.
931 1766 1013 1818 Tiber

192 1857 304 1910 Decian.
323 1863 401 1908 tract.
420 1850 526 1906 crimin.
544 1851 563 1902 1.
584 1863 607 1902 t·
626 1869 648 1904 c.
671 1863 712 1904 tt.
731 1871 759 1904 ιι.
772 1863 811 1904 ιι.
824 1851 892 1921 qnod
905 1853 1011 1920 quidem

191 1940 334 1994 indubium
353 1947 411 2006 est,
430 1937 454 1989 si
475 1937 523 1988 hoc
536 1935 662 1988 damnum
677 1935 824 1990 intenderit
836 1936 958 1992 vassallus
971 1954 1011 1990 se·

180 2038 259 2080 creta
277 2021 458 2096 propalandae
478 2030 506 2074 et
524 2020 575 2072 boc
592 2017 718 2072 damnum
736 2039 841 2091 qunque
865 2020 948 2074 fuerit
974 2039 1013 2076 se·

191 2121 299 2184 putum,
323 2107 369 2160 ubi
395 2103 568 2173 jurisjurandi
594 2103 774 2172 religionem,
795 2123 846 2174 qua
869 2103 1011 2158 obstrictus

190 2193 301 2246 domino
319 2199 375 2245 erat
388 2188 469 2241 violat
482 2185 625 2238 manifeste
638 2195 664 2237 et
678 2185 804 2240 delictum
818 2187 868 2238 hoc
881 2185 916 2238 ita
929 2185 1013 2237 omui·

110 2305 114 2314 ·
189 2277 239 2330 bus
259 2273 377 2326 numeris
396 2281 604 2326 eoosumanatur.
625 2271 678 2322 Sed
697 2283 722 2323 et
739 2270 810 2322 idem
822 2269 974 2334 obtinebit,
988 2271 1011 2322 si

190 2360 295 2414 nullum
314 2357 438 2410 damnum
455 2355 502 2408 bac
516 2355 617 2408 ratione
631 2354 741 2408 domino
753 2354 789 2407 sit
801 2355 909 2410 illatum.
924 2355 1011 2424 Quip-

189 2463 226 2516 pe
246 2443 346 2498 malitia
366 2441 489 2508 vassalli,
507 2449 634 2509 quantum
656 2438 684 2490 in
704 2438 763 2507 ipso
782 2449 837 2502 est,
855 2439 908 2505 jaan
935 2437 1012 2508 peni-

190 2541 233 2584 tas
243 2539 284 2582 est
298 2534 491 2590 consummata3
505 2534 613 2578 eventus
626 2538 697 2585 vero,
711 2533 741 2575 ut
753 2523 854 2576 scilicet
867 2523 900 2576 ita
914 2522 1012 2575 damno

187 2611 320 2669 alliciatur
338 2610 476 2674 domiuus,
497 2626 550 2662 nun
563 2606 621 2662 ⁴l'ait
637 2607 666 2658 in
685 2615 816 2678 potestate
834 2605 1010 2676 delinquentis

188 2695 312 2760 vassalli,
332 2705 359 2747 ut
375 2693 440 2746 biuc
458 2692 500 2744 illi
519 2690 656 2744 commodo
675 2707 733 2742 esse
747 2699 871 2759 nequeat,
883 2688 953 2758 quod
967 2687 1010 2742 ds·

113 2803 116 2809 ·
190 2797 284 2832 annum
305 2778 406 2829 nullum
425 2775 506 2828 suerit
524 2775 637 2830 illatum.
656 2774 728 2824 ilinc
746 2783 772 2826 et
792 2781 879 2824 textus
901 2769 1012 2823 ieatlalis

195 2861 309 2932 tseud.
331 2873 370 2913 ιι.
388 2876 440 2914 nou
459 2861 592 2924 eventum,
613 2857 658 2912 sed
678 2858 774 2909 malam
795 2855 896 2908 vassalli
923 2854 1012 2907 inteu-

188 2949 292 3000 tionem
312 2943 476 3006 considerat,
496 2941 524 2993 ivl
543 2944 633 2996 saltem
653 2939 800 3008 exigendo,
813 2947 843 2992 ιιι
858 2939 973 2990 scienter
985 2946 1013 2990 et

187 3029 219 3082 in
238 3029 363 3082 damnum
383 3025 485 3082 domini
507 3023 572 3078 laeta
591 3023 672 3079 luerit
691 3024 831 3088 revelatio,
851 3023 1009 3090 Hiemnpm.

188 3115 274 3185 Gigas
292 3123 371 3168 tract.
388 3113 422 3166 de
439 3109 547 3166 crimin.
565 3112 631 3164 ines·
650 3110 753 3178 majest.
772 3109 870 3162 rubrio.
895 3110 1013 3179 psaniiter

188 3209 215 3252 et
233 3216 251 3250 a
271 3195 368 3267 quibas
384 3195 518 3250 erimincl.
537 3197 603 3248 locs.
622 3194 729 3264 majest.
747 3191 877 3246 commiss.
905 3203 1010 3262 quaest.

120 3341 126 3350 ¹
193 3293 235 3334 ts.
255 3302 282 3334 ιι.
303 3292 326 3332 ι.
346 3279 487 3333 Schrader.
507 3277 533 3330 d.
550 3296 575 3332 e·
600 3289 622 3330 ι.
642 3295 671 3330 ιι.
691 3291 733 3330 ιο.
752 3275 784 3330 Ει
802 3293 864 3328 sane
884 3289 925 3328 est
948 3276 1012 3328 baec

183 3364 301 3438 pessimi
321 3363 436 3434 exempli
457 3361 603 3426 res,'mala
622 3359 774 3412 intentione
794 3357 925 3430 principis
938 3376 1012 3410 arca-

189 3468 225 3503 ιιι
244 3449 375 3522 pandere,
395 3447 440 3500 ulti
460 3465 513 3500 non
533 3463 639 3516 semper
656 3443 690 3496 ad
708 3453 847 3510 eventum,
866 3443 912 3497 sed
937 3462 1013 3514 prae·

188 3533 266 3605 cipue
285 3533 317 3587 ael
336 3531 493 3587 intentionis
509 3529 636 3582 malitiam
650 3528 811 3599 respicimus
825 3529 846 3594 §.
862 3539 887 3580 ι.
900 3527 932 3580 de
946 3528 1014 3580 cdli·

184 3627 244 3686 ιιι.
262 3636 334 3690 pane
353 3635 389 3669 ea
403 3616 490 3668 delict.
508 3615 527 3668 1.
548 3626 589 3668 ta.
607 3631 631 3666 c.
651 3610 767 3681 desert.
781 3612 937 3683 praesertim
951 3632 1012 3666 cutn

189 3703 245 3754 sola
263 3702 387 3754 revelatio
405 3698 555 3754 credentiae
572 3703 624 3768 jem
640 3711 694 3752 tum
709 3697 821 3768 speciale
835 3696 950 3749 involvat
967 3697 1012 3750 de·

190 3785 296 3848 lictum,
310 3786 411 3838 seilicet
424 3785 584 3855 perjurium,
598 3785 702 3838 etiamsi
716 3784 840 3836 deminum
854 3782 953 3832 nullum
972 3800 1013 3834 ac-

189 3870 309 3934 cesserit,
324 3870 406 3922 llenr.
421 3867 511 3922 Bocer.
524 3879 602 3924 treet.
617 3869 649 3921 de
663 3868 734 3920 nand·
748 3863 921 3933 cmiteseutl.
935 3875 1013 3919 tract.

118 3936 153 4018 ᾗ,
194 3963 257 4003 mn.
279 3963 321 4003 ιι.
341 3951 417 4022 Quod
437 3956 457 4004 si
478 3969 541 4020 ergo
565 3969 616 4004 noo
642 3952 732 4004 animo
761 3946 964 4012 damnificandi,
983 3960 1012 4003 ιιι

187 4033 333 4103 loquuntur
351 4031 395 4086 dal.
415 4043 546 4088 secretum
566 4035 719 4088 revelaverit
735 4034 875 4098 vassallus,
889 4031 1013 4087 dominus

192 4127 285 4172 tamen
304 4118 481 4171 nibilominus
499 4117 623 4170 damnum
641 4136 733 4188 passus
747 4119 797 4182 sit,
814 4116 882 4170 torte
893 4117 963 4186 quod
977 4117 1013 4170 its

188 4214 294 4274 praeter
310 4201 465 4271 opinionem
485 4203 587 4256 vassalli
608 4203 636 4254 in
656 4202 741 4254 hostis
759 4202 887 4254 notitiam
900 4203 1012 4254 devene-

182 4290 225 4341 rit
241 4305 382 4352 arcanum,
402 4285 485 4338 leudo
503 4305 563 4339 eum
584 4305 636 4339 non
655 4304 711 4340 esse
731 4285 889 4357 privandum
909 4285 1009 4350 volunt,

188 4370 242 4424 vid.
263 4371 357 4424 ltlatth.
377 4369 409 4423 de
428 4369 528 4424 etates.
547 4371 590 4424 eit.
610 4372 661 4424 loe.
681 4389 708 4424 ιι.
732 4383 772 4424 ιο.
791 4381 816 4420 et
834 4387 904 4438 seqq.
918 4368 1008 4420 'tibae

189 4453 298 4508 Derion.
319 4464 398 4508 tract.
415 4454 524 4508 critnin.
543 4455 555 4506 l
582 4466 606 4508 ι.
625 4473 648 4508 e.
671 4465 712 4509 tt.
725 4473 753 4508 ss.
769 4464 809 4506 ιι.
823 4455 892 4522 quod
910 4451 1010 4506 admit-

184 4549 232 4601 ·to,
251 4539 302 4590 nisi
324 4555 415 4606 magna
430 4541 530 4591 vassalli
546 4541 623 4608 cvslpa
635 4547 784 4592 concurrat.
798 4538 909 4590 lnterim
924 4549 1011 4592 tamen

184 4623 238 4677 alia
256 4640 342 4693 poena
360 4621 499 4674 arbitraria
518 4624 577 4676 sine
595 4622 676 4676 dubio
695 4619 768 4674 silici
789 4631 892 4692 posset3
910 4623 1009 4693 quippe

183 4723 246 4762 ιυιιι
264 4706 381 4778 cogitare
394 4706 535 4770 debuisset,
548 4707 615 4760 bane
629 4706 818 4760 revelationem
832 4703 908 4758 lavile
922 4705 950 4758 in
964 4705 1009 4766 vla·

121 4853 124 4858 ,
184 4809 278 4844 mount
298 4789 400 4842 domini
420 4807 527 4859 vergere
547 4809 630 4860 posse.

116 4868 120 4880 '
221 4877 251 4929 id
272 4893 331 4930 vero
352 4875 521 4947 inpraesenti
536 4877 634 4928 delicto
649 4891 746 4946 parum
760 4872 906 4926 merebitur
918 4879 1005 4924 atten-

183 4961 228 5022 di:
240 4980 275 5015 sn
291 4961 368 5014 verta
381 4959 483 5012 dorniui
498 4969 608 5026 secreta,
620 4977 653 5011 an
672 4977 732 5013 veru
748 4968 847 5010 secreta
866 4953 932 5008 lacta
952 4953 1007 5007 iue-

183 5044 242 5098 rint
259 5043 385 5098 revelata:
405 5060 487 5097 uersas
499 5044 571 5096 enim
584 5043 615 5096 ad
631 5056 727 5098 secreta
742 5043 879 5099 reticenda
900 5049 1009 5110 utroque

183 5145 245 5180 casu
264 5127 381 5196 aequalis
398 5137 453 5188 est,
475 5126 537 5179 bine
558 5138 582 5178 ι.
589 5125 621 5194 st
641 5139 664 5178 ι.
684 5127 844 5196 generaliter
863 5125 1008 5190 statuitur;

1066 413 1177 470 sentbal.
1195 415 1227 470 ιιι
1234 413 1317 485 fiad.
1338 431 1361 467 c.
1385 425 1426 468 to.
1442 418 1531 470 conci.
1551 429 1592 472 so.
1612 437 1640 470 ιι.
1664 429 1688 472 ι.
1715 421 1817 474 Ριιιιιι
1835 439 1883 476 ιιι
1920 431 1950 478 ιι

1068 503 1117 556 boc
1136 502 1247 568 alicujus
1266 497 1410 562 momenti,
1428 517 1462 552 an
1482 500 1606 554 vassallus
1620 502 1789 570 promiserit,
1803 521 1884 560 sese.

1065 596 1135 639 creta
1153 605 1169 640 a
1186 583 1296 636 domino
1314 582 1367 634 sibi
1386 583 1528 636 commissa
1547 599 1600 636 noo
1626 584 1815 650 revelaturumt
1839 600 1885 644 aut

1065 687 1098 722 an
1117 669 1211 722 saltem
1236 666 1361 719 dominus
1384 664 1502 733 dixerit,
1527 683 1555 719 se
1576 667 1606 720 in
1631 680 1730 724 secreto
1754 671 1804 726 boc
1829 675 1884 744 ipsi

1064 754 1248 806 committere:
1266 761 1312 804 aut
1328 767 1362 803 an
1382 750 1488 820 penitus
1507 751 1593 814 nibil,
1608 753 1658 804 boc
1673 765 1774 810 secreta
1785 757 1886 812 baben·

1066 838 1128 889 dum
1148 853 1222 901 esse,
1240 834 1354 898 dixerit,
1375 835 1470 888 Matala.
1488 833 1522 888 de
1543 833 1641 890 tillict.
1660 836 1731 890 ode.
1743 837 1886 910 sicnpira·

1065 921 1129 986 nei,
1148 919 1221 990 quib.
1238 917 1405 989 madfeud·
1423 917 1510 972 ιιιηίιι.
1529 937 1557 970 ιι.
1583 932 1606 972 ι.
1633 921 1716 974 Διιιιι.
1742 921 1775 976 de
1800 925 1885 978 isera.

1064 1006 1108 1060 ad.
1126 1005 1153 1057 d.
1171 1015 1238 1058 teas.
1253 1002 1485 1061 Demontravimus
1498 1003 1573 1056 enirn
1586 1006 1710 1074 superius
1721 1022 1744 1060 c.
1762 1019 1785 1060 ι.
1797 1025 1825 1062 n.
1841 1017 1883 1060 ιι.

1063 1087 1267 1159 unumquemvis
1280 1087 1374 1153 verba,
1392 1103 1459 1158 quae
1475 1086 1509 1138 ab
1525 1089 1610 1164 altero
1633 1091 1744 1162 scripit,
1775 1091 1885 1147 etiamsi

1062 1193 1111 1228 nec
1128 1174 1231 1226 silentii
1251 1174 1388 1244 stipulatio
1403 1186 1450 1224 nec
1463 1171 1605 1240 promissio
1624 1175 1780 1240 accesserit,
1791 1176 1884 1230 retice·

1064 1276 1093 1311 re
1111 1255 1208 1314 debere
1225 1273 1257 1312 ex
1276 1275 1307 1309 eo
1325 1256 1395 1320 solo,
1413 1255 1482 1325 quod
1500 1257 1566 1310 sciat
1579 1293 1587 1322 ,
1598 1258 1711 1314 alterum
1723 1261 1769 1312 tali
1782 1263 1884 1316 revela·

1064 1347 1137 1400 tione
1155 1345 1280 1396 damnum
1300 1343 1476 1396 incursurum.
1496 1343 1569 1412 Quae
1595 1345 1654 1416 ipsa
1679 1345 1820 1416 obligatio,
1841 1346 1882 1399 uti

1064 1431 1196 1486 naturalis
1213 1439 1272 1492 est,
1290 1444 1320 1482 sc
1337 1429 1486 1484 communis
1504 1431 1575 1484 inter
1586 1449 1678 1487 omnes
1691 1429 1826 1498 hnmioes3
1847 1433 1885 1486 ita

1063 1515 1214 1586 specialiter
1233 1513 1278 1566 illa
1296 1513 1381 1580 tangit
1400 1532 1430 1567 ae
1447 1512 1559 1583 stringit
1569 1516 1708 1572 vassallum
1737 1517 1886 1584 jurejuran-

1063 1599 1097 1652 do
1115 1601 1167 1668 jana
1185 1608 1261 1652 autea
1277 1596 1310 1650 ad
1330 1596 1358 1648 id
1376 1597 1533 1667 obligatum.
1553 1599 1675 1655 Vassallo
1688 1599 1761 1654 enim
1776 1602 1885 1654 incum-

1062 1683 1118 1750 bit,
1137 1696 1165 1738 ιιι
1182 1694 1268 1736 tutam
1290 1692 1406 1752 praestet
1424 1681 1573 1746 domiuum
1593 1682 1641 1749 qui
1658 1699 1719 1736 vero
1732 1694 1803 1738 tutus
1816 1684 1883 1750 erit,

1063 1768 1087 1820 si
1107 1767 1135 1820 in
1153 1767 1278 1820 damnum
1292 1766 1351 1834 ejus
1363 1766 1505 1837 quicquam
1520 1763 1727 1820 manifestaverit
1741 1766 1886 1822 vassallus?

1064 1851 1218 1904 lloseotbal.
1236 1850 1263 1903 d.
1281 1852 1373 1904 conci.
1393 1863 1433 1904 su.
1453 1869 1482 1903 ιι.
1506 1861 1547 1904 ιι.
1567 1851 1599 1906 Ει
1614 1850 1649 1904 ob
1668 1851 1736 1904 hane
1748 1851 1884 1908 ,rationem

1061 1933 1163 2006 optime
1181 1933 1320 1988 concludit
1340 1933 1483 1988 Schrader.
1501 1934 1528 1988 d.
1546 1952 1569 1987 e.
1587 1952 1615 1986 ιι.
1635 1935 1758 2005 tt.quod
1775 1937 1886 2006 quando

1063 2034 1096 2070 ex
1119 2018 1240 2087 qualitate
1266 2017 1367 2086 negotii
1393 2017 1556 2082 commissi,
1580 2018 1621 2072 vel
1644 2033 1678 2072 ex
1702 2029 1885 2088 personatam

1062 2100 1269 2154 committentis:
1287 2119 1366 2170 qaam
1384 2103 1457 2170 ejus,
1482 2102 1525 2154 eui
1549 2101 1704 2156 cosomissia
1721 2101 1823 2170 negotii
1848 2100 1887 2154 la·

1063 2195 1119 2247 cta.
1146 2185 1248 2254 liquere
1271 2186 1372 2256 possit,
1387 2185 1524 2240 dominum
1537 2203 1584 2252 ea,
1599 2202 1664 2254 quae
1688 2186 1797 2240 vassallo
1815 2200 1888 2236 com·

1063 2270 1157 2334 misit,
1183 2271 1235 2341 ipsi
1262 2269 1291 2322 in
1311 2279 1413 2324 secretu
1438 2269 1620 2335 commisisse,
1645 2271 1751 2338 ejusque
1770 2279 1886 2324 mentem

1062 2364 1090 2406 et
1107 2357 1268 2410 voluntatens
1288 2369 1363 2420 esse,
1392 2370 1428 2405 ne
1448 2355 1574 2406 vassallus
1600 2355 1664 2408 baec
1684 2353 1737 2406 sibi
1762 2353 1888 2410 columis·

1064 2456 1091 2491 sa
1111 2440 1225 2505 revelet,
1244 2440 1384 2494 vassallum
1402 2437 1466 2490 baec
1479 2439 1640 2493 revelantem
1654 2437 1811 2493 indistincte
1829 2437 1887 2492 l'eu·

1064 2523 1097 2575 do
1115 2524 1228 2593 privari,
1249 2522 1355 2576 etiamsi
1378 2521 1503 2576 dominus
1529 2520 1602 2577 leudi
1627 2533 1744 2594 tempore
1762 2523 1888 2577 commis·

1063 2606 1148 2659 sionis
1168 2605 1249 2659 iactae
1268 2604 1452 2668 condixerit,
1472 2623 1500 2660 se
1523 2607 1634 2658 vassallo
1658 2606 1708 2659 hoc
1734 2606 1762 2658 in
1785 2615 1887 2662 secreto

1063 2691 1238 2746 committere.
1263 2690 1305 2742 Ex
1328 2688 1425 2759 quibus
1449 2699 1539 2758 patet,
1564 2699 1664 2744 textum
1691 2687 1756 2758 ²·f·
1783 2701 1808 2742 s.
1832 2705 1887 2742 non

1063 2775 1145 2830 crude
1163 2774 1413 2845 rapiendumessa,
1432 2773 1536 2844 quando
1554 2773 1666 2840 dieitur,
1690 2791 1743 2843 quo
1766 2772 1815 2824 sub
1839 2789 1887 2826 no·

1064 2861 1136 2914 mine
1163 2855 1298 2917 fidelitatis
1326 2857 1449 2912 dominus
1473 2856 1537 2927 quid
1560 2857 1681 2912 debuerit
1704 2855 1886 2918 commisisse,

1063 2946 1136 3015 quasi
1156 2944 1280 3000 dominus
1299 2943 1348 2996 hoc
1366 2959 1492 3014 expresse
1511 2941 1620 2996 deberet
1639 2939 1752 3004 addere,
1771 2955 1835 2992 nam
1859 2948 1888 2992 ιι

1065 3029 1147 3082 tacite
1160 3046 1193 3080 ex
1211 3027 1311 3098 negotii
1333 3027 1470 3082 commissi
1485 3030 1611 3098 qualitate
1624 3025 1694 3078 idem
1708 3023 1801 3078 iecisse
1814 3023 1888 3076 vide·

1066 3123 1117 3166 tur·
1136 3113 1251 3166 Demum
1270 3129 1374 3184 quoque
1391 3113 1461 3164 nihil
1481 3112 1609 3174 interest,
1630 3129 1661 3162 ιιι
1674 3109 1778 3174 amieis,
1791 3127 1823 3162 an
1835 3106 1888 3161 ini·
1924 3103 1955 3148 ²⁸

1064 3199 1143 3252 micis
1163 3197 1265 3252 domini
1287 3198 1315 3252 id
1335 3198 1507 3263 revelaverit,
1526 3197 1679 3269 pariterque
1697 3213 1729 3248 an
1742 3195 1840 3262 verbis,
1852 3211 1888 3248 ao

1065 3284 1163 3352 siguis,
1182 3301 1215 3336 sn
1234 3281 1323 3334 literis
1343 3282 1371 3334 id
1391 3282 1496 3344 iecerit:
1518 3277 1618 3336 scilicit
1638 3281 1713 3334 euim
1733 3281 1763 3332 ia
1782 3277 1887 3330 domini

1064 3367 1189 3419 damnum
1210 3366 1238 3418 id
1259 3365 1358 3418 iactum
1375 3363 1467 3418 lavisse.
1488 3363 1632 3418 Schrader.
1649 3365 1669 3417 d
1695 3364 1715 3416 1.
1733 3381 1760 3416 n.
1777 3371 1818 3416 tt·
1835 3367 1887 3416 llo·

1064 3448 1177 3503 sentbal.
1196 3447 1223 3500 d.
1241 3448 1260 3501 I.
1280 3468 1307 3500 ιι.
1329 3459 1353 3502 t.
1374 3447 1465 3501 Bocer.
1485 3447 1592 3502 d.1.a.
1613 3461 1654 3502 tt.

1100 3531 1151 3586 Sed
1169 3549 1230 3584 cum
1247 3532 1352 3588 vassalli
1375 3533 1517 3588 revelantis
1541 3531 1647 3584 animus
1672 3531 1709 3584 sit
1729 3533 1834 3603 saepius
1854 3532 1883 3588 ia
1922 3531 1955 3578 ²⁸

1062 3615 1190 3682 obscuro,
1211 3627 1239 3670 ut
1255 3633 1309 3669 non
1327 3627 1444 3680 constet,
1462 3634 1496 3668 an
1515 3615 1604 3668 dolose
1616 3634 1646 3668 ac
1658 3615 1688 3668 in
1701 3614 1827 3670 damnum
1839 3617 1887 3672 do-

1064 3702 1131 3753 mini
1151 3699 1305 3754 revelaverit
1320 3699 1500 3764 credentiam,
1518 3698 1673 3768 quaeritur,
1691 3700 1751 3769 quis
1762 3699 1812 3754 laoc
1824 3718 1886 3754 casa

1063 3788 1174 3857 probare
1194 3786 1303 3852 debeat,
1322 3787 1460 3840 vassallum
1481 3786 1530 3838 boc
1548 3785 1639 3839 animo
1658 3785 1770 3842 nocendi
1790 3784 1886 3842 iecisse

1062 3873 1103 3924 vel
1121 3869 1196 3924 oon?
1216 3872 1290 3924 Solet
1301 3868 1408 3940 quidem
1421 3868 1510 3922 omnis
1522 3868 1704 3938 praesumptio
1717 3885 1775 3922 esse
1786 3867 1814 3922 in
1828 3887 1885 3922 me·
1954 3926 1957 3934 ,

1062 3953 1153 4006 liorem
1173 3962 1289 4024 partem,
1308 3965 1335 4007 ut
1347 3962 1487 4022 eapropter
1499 3952 1678 4021 unusquisque
1693 3950 1794 4005 tamdiu
1808 3968 1884 4020 prae·

1062 4047 1180 4090 sumatur
1200 4038 1299 4104 bontas,
1327 4037 1412 4090 donec
1436 4036 1561 4106 probetur
1580 4037 1673 4088 malus.
1692 4035 1709 4088 l.
1722 4035 1827 4106 qtecties
1844 4049 1883 4091 ιι.

1061 4120 1214 4190 §.parisinis
1225 4119 1259 4188 ff.
1268 4123 1302 4174 aie
1312 4119 1420 4190 probat.
1433 4138 1457 4172 c.
1467 4119 1515 4172 uit.
1536 4137 1566 4170 τ.
1578 4119 1612 4170 de
1623 4128 1788 4188 praerumpit.
1803 4117 1881 4172 Card.

1062 4205 1158 4258 Tusch.
1177 4203 1217 4256 lit.
1244 4215 1267 4255 ι.
1293 4204 1414 4260 conclus.
1443 4213 1501 4256 ιιι.
1520 4204 1660 4266 Attamen,
1679 4201 1741 4270 qula
1760 4202 1883 4256 revelatis

1061 4289 1211 4342 credentiae
1229 4299 1270 4341 est
1287 4305 1330 4341 rea
1348 4305 1401 4340 non
1423 4296 1525 4340 tantum
1545 4285 1677 4350 civiliter,
1689 4282 1736 4338 sed
1752 4297 1778 4339 ιι
1797 4301 1883 4340 mors·

1061 4373 1125 4426 liter
1142 4372 1252 4436 illicita,
1271 4383 1347 4440 prout
1366 4371 1482 4424 evictum
1501 4388 1522 4423 e.
1545 4383 1567 4423 ι.
1592 4389 1619 4424 ιι.
1635 4379 1676 4423 ιι.
1694 4369 1808 4422 omnino
1826 4369 1885 4422 ani·

1062 4473 1120 4508 mus
1138 4455 1244 4510 dolosus
1263 4457 1307 4509 laic
1330 4454 1383 4508 erit
1396 4453 1627 4525 praemittendus,
1644 4451 1679 4504 ob
1699 4453 1789 4504 tritam
1810 4453 1880 4520 juris

1062 4541 1196 4608 regulam,
1222 4538 1292 4610 quod
1316 4537 1339 4590 si
1360 4538 1420 4608 quis
1443 4552 1548 4608 operam
1576 4537 1623 4588 det
1642 4537 1681 4588 rei
1701 4535 1833 4600 illicitae,
1853 4535 1884 4588 in

1060 4623 1120 4678 dolo
1138 4640 1195 4678 esse
1214 4633 1397 4694 praesumatur
1415 4621 1434 4674 l.
1456 4621 1483 4675 si
1493 4639 1549 4674 non
1563 4619 1682 4673 convitii
1696 4633 1719 4674 t.
1734 4629 1759 4674 et
1780 4618 1820 4670 ibi
1838 4617 1884 4672 sid.

1059 4726 1082 4762 e.
1094 4709 1303 4777 deiciendam
1318 4707 1499 4776 praesumptio
1511 4720 1571 4758 vero
1584 4713 1671 4757 tantae
1684 4713 1724 4756 ιιι
1736 4701 1883 4770 efficaciae,
1920 4741 1952 4787 η

1060 4801 1089 4844 ιιι
1105 4809 1174 4845 onus
1192 4792 1327 4860 probandi
1345 4791 1377 4842 in
1389 4789 1527 4842 vassallum
1543 4787 1703 4850 transierat,
1717 4805 1745 4840 se
1757 4805 1811 4842 aava
1823 4789 1882 4840 ani·

1061 4893 1104 4928 mo
1121 4877 1212 4928 doloso
1230 4884 1276 4928 aut
1293 4873 1404 4926 domino
1417 4873 1544 4926 damnum
1557 4869 1694 4924 inferendi
1709 4872 1758 4924 hoe
1771 4872 1884 4924 revelas-

1059 4977 1104 5025 se,
1124 4957 1264 5012 Sclarader.
1283 4957 1308 5011 d.
1318 4976 1347 5026 p.
1362 4967 1420 5008 aar.
1436 4967 1459 5008 s.
1474 4973 1501 5006 n.
1517 4967 1559 5007 ss.
1572 4955 1670 5008 matth.
1688 4953 1721 5008 de
1738 4955 1844 5010 at'ttics.
1855 4956 1881 5010 d.

1061 5043 1123 5096 in.
1138 5057 1180 5098 ts.
1191 5059 1262 5115 seqq.
1278 5039 1429 5098 llcsentbal.
1448 5057 1472 5093 e.
1498 5050 1539 5096 so·
1555 5039 1643 5094 conci.
1663 5051 1705 5092 stt.
1717 5057 1748 5092 ιι.
1764 5049 1805 5090 ιι.
1825 5041 1884 5092 Μι-

1061 5128 1138 5179 noch.
1157 5126 1190 5182 de
1201 5135 1366 5196 praescript.
1389 5123 1436 5178 tit.
1462 5136 1486 5176 ι.
1505 5140 1599 5192 praes.
1613 5135 1652 5176 ts.
1666 5141 1693 5176 ιι.
1707 5137 1731 5178 ι.
1748 5125 1879 5176 Dominus

182 5230 240 5266 non
255 5209 353 5263 debere
366 5213 504 5265 vassallum
519 5212 546 5264 iu
565 5213 662 5266 damno
673 5230 731 5268 esse
744 5213 852 5265 domino
865 5212 898 5264 de
910 5223 1008 5264 secreto
1062 5223 1151 5266 tamen
1169 5211 1294 5282 probabit
1305 5220 1380 5262 antea
1396 5206 1492 5261 lactum
1507 5209 1686 5270 revelationis,
1698 5223 1758 5277 exq
1777 5227 1794 5262 o
1805 5218 1880 5277 post·

182 5309 240 5346 suu·
253 5291 401 5364 lEqualiter
413 5293 486 5346 euim
501 5291 597 5346 damno
610 5291 727 5348 afficitur
740 5295 861 5348 dominus
874 5292 929 5344 sive
942 5289 1010 5342 iacta
1061 5311 1089 5348 aa
1109 5295 1304 5365 praesumitur,
1331 5294 1401 5364 qnod
1426 5291 1558 5345 malitiose
1581 5290 1651 5345 lacta
1667 5291 1768 5356 inerit,
1786 5292 1881 5346 Bocer.

181 5377 269 5447 ipsius
296 5375 665 5444 secreta,siveverbs,bosti
687 5377 790 5431 suerint
809 5377 934 5438 revelata,
955 5374 1009 5426 imo
1060 5376 1528 5448 ar,d0m0tta'sam,v.fiud.p,2.a.
1546 5385 1588 5430 aa,
1611 5377 1720 5428 Modum
1740 5394 1801 5432 ,av-0
1819 5395 1882 5445 pm.
1918 5379 1950 5422 ιι

185 5459 288 5530 pariter
301 5461 450 5530 perjurium
471 5461 506 5512 ita
527 5462 672 5516 committit
691 5461 831 5524 vassallus3
851 5461 889 5512 uti
903 5474 936 5510 ex
955 5457 1009 5511 sor·
1062 5463 1141 5518 bandi
1160 5461 1229 5533 quoa
1248 5463 1360 5528 attinet,
1379 5479 1414 5516 an
1430 5463 1577 5530 iuramenta
1590 5461 1704 5524 vassalli,
1717 5477 1745 5514 se
1757 5478 1811 5514 non
1825 5477 1880 5514 ma·

184 5541 257 5594 suada
276 5537 413 5598 fidelitatis
426 5543 451 5597 d.
465 5539 524 5613 ²·s·
539 5555 562 5596 t.
576 5546 703 5598 recetasita
715 5545 746 5596 ad
766 5547 871 5625 cevalqm
887 5554 1005 5614 apparet.
1062 5548 1088 5599 lo
1106 5547 1196 5599 animo
1213 5547 1379 5600 credentiam
1398 5546 1535 5610 revelasse,
1552 5545 1673 5598 standum
1689 5545 1721 5598 sit
1733 5581 1740 5608 ,
1750 5563 1802 5597 unu
1814 5563 1878 5598 oon·

190 5625 300 5722 ¹Solatsvd.
315 5628 341 5683 d.
353 5646 375 5682 e.
389 5643 413 5682 ι.
427 5647 457 5683 ιι.
470 5639 509 5684 tt.
523 5629 589 5686 bdd.
603 5630 712 5704 magnii.
724 5632 770 5686 dia.
783 5630 1005 5686 Rbetiusconsm.
1059 5630 1177 5703 ιιιιιιιιιι.
1194 5629 1340 5686 Ordinarie
1356 5631 1465 5702 quidem
1484 5645 1528 5695 ea,
1546 5645 1612 5698 quae
1634 5627 1665 5680 in
1681 5627 1772 5682 animo
1791 5629 1878 5684 cousi·
