4236 6258
652 283 704 340 ιιι
725 280 900 342 caucius
920 278 1218 352 saraceniscus,
1236 298 1297 344 eea.

787 451 1035 524 CAPUT
1081 453 1141 524 lv.

405 627 458 695 De
482 625 623 696 cautelis
648 621 906 694 abundantibus
928 620 1021 688 circa
1042 621 1266 715 obligationes
1290 649 1337 694 ecc
1359 647 1540 698 consensa.

362 833 709 889 sunnsnrn.

132 1009 163 1060 tn
174 1001 392 1074 obligationibus
411 1020 447 1056 ea
459 1019 596 1056 consensu
614 1001 748 1064 abundat,
763 1013 825 1063 aes,
844 995 947 1062 aerbo,

164 1099 189 1141 et
198 1088 366 1158 scripturam
378 1087 553 1148 intercedere,
565 1103 640 1138 nurn.
656 1098 678 1138 t.
690 1101 763 1156 seqq.

134 1170 245 1240 Emptio
261 1181 288 1224 et
300 1167 425 1224 venditio
439 1170 504 1238 quid
513 1169 569 1222 sit?
581 1189 608 1222 ιι.
622 1177 646 1220 4.

132 1261 333 1326 Supervacuum
347 1265 396 1317 est,
411 1271 459 1306 eos
470 1271 560 1306 emere
572 1252 701 1314 accedere,
715 1268 815 1321 amque
826 1267 870 1305 res
881 1251 947 1304 emi·

164 1341 260 1403 rendi,
276 1341 338 1412 qui,
353 1355 457 1411 quaeve
466 1339 651 1408 probibentur.
665 1355 693 1388 ιι.
708 1349 730 1388 ι-
745 1353 818 1407 seqq.

131 1429 179 1478 An
197 1427 315 1482 rescisso
334 1435 419 1479 contr.
435 1423 573 1493 prolsibiti
583 1439 762 1492 superuacuo
779 1418 842 1474 sit?
854 1438 888 1474 n.
909 1431 949 1474 ιι.

162 1526 236 1580 seqq.

130 1597 177 1646 An
192 1605 252 1648 toto
267 1593 385 1647 venditio
395 1610 479 1663 super
493 1611 565 1647 acuo
577 1593 622 1661 sit,
634 1593 661 1647 si
671 1609 714 1647 res
723 1590 949 1662 prohibitaecurn

164 1677 230 1730 aliis
243 1678 423 1732 tendantur?
433 1669 467 1730 ιι.Ι
479 1689 520 1729 tt.

128 1762 278 1816 Clausala:
298 1764 375 1815 soleo
390 1764 454 1832 p'ure
471 1763 592 1828 domini,
610 1759 869 1832 supervacuaestin
883 1759 950 1815 olie-

164 1845 376 1915 astioneseudi
387 1867 415 1900 n.
431 1859 473 1900 ιι.
483 1865 539 1920 sep.

134 1929 267 1984 clausula
277 1953 285 1981 :
297 1932 324 1985 si
332 1932 462 1986 dominus
475 1929 651 1985 consenserit:
666 1947 703 1983 aa
718 1927 851 1984 abundet?
865 1949 893 1984 ιι.
905 1937 948 1984 2ο.

127 2015 246 2069 Cautela
260 2015 398 2070 tutissimo
411 2015 440 2068 in
452 2017 557 2070 uendit·
567 2015 654 2080 leudi.
668 2035 697 2068 ιι.
713 2026 753 2066 tt.

129 2101 300 2154 ..incautela
315 2101 418 2153 abund.
431 2103 475 2163 sit,
488 2111 634 2168 emptorem
647 2100 679 2154 de
692 2099 771 2153 vitiis
783 2099 826 2152 sei
836 2099 949 2152 renden-

161 2185 214 2236 dae
227 2183 392 2237 certiorari?
403 2203 430 2237 n.
447 2195 489 2235 ιι.
501 2200 577 2255 seqq.

129 2271 176 2321 An
191 2268 312 2320 alcinon
331 2269 477 2322 naminari
492 2282 696 2336 supervacuum
707 2264 744 2318 sit
755 2263 784 2318 in
797 2262 952 2318 consitione

162 2369 254 2404 restem
268 2351 473 2406 immobilium?
486 2370 515 2403 ιι.
531 2362 573 2403 24.

128 2441 176 2490 Aa
195 2453 307 2490 neeesse
323 2437 376 2502 sit,
395 2447 543 2507 emptorem
562 2445 702 2490 errantem
730 2430 902 2488 admoneri?
919 2451 947 2487 n.

165 2533 209 2572 2⁵.
229 2537 302 2592 seqq.

128 2609 174 2660 An
200 2607 353 2660 vicinorum
380 2621 528 2661 consensus
550 2606 581 2658 in
611 2605 775 2659 venditione
803 2603 951 2659 abundet?

167 2707 196 2740 rt.
216 2699 260 2741 22.

128 2778 176 2827 Aa
191 2775 403 2843 prooeimorum,
422 2775 465 2829 rel
481 2773 670 2839 consortium,
695 2772 867 2844 aliorumque
885 2791 949 2828 con·

126 2871 130 2881 ’
162 2875 262 2913 sensus
276 2859 458 2914 abundetln.
474 2871 515 2911 ιι.

128 2939 185 2992 Jus
193 2938 370 3008 protimiseos
379 2941 472 3009 potius
482 2940 680 3010 obligationem
690 2958 775 3012 quam
787 2957 949 2996 consensum

166 3025 288 3087 nouirit.
306 3045 334 3078 n·
349 3039 391 3080 2ο.

128 3111 335 3178 duperuocuum
349 3119 402 3174 est,
413 3109 530 3177 pacisci,
546 3122 575 3165 ut
593 3111 623 3164 id
640 3123 787 3180 emptorem
806 3124 950 3185 sequatur,

165 3195 240 3262 perosi
250 3193 286 3246 de
299 3203 402 3246 natura
414 3204 572 3248 contractus
584 3198 711 3266 sequitur.
727 3217 752 3250 ιι.
769 3211 811 3250 ιι.
824 3215 896 3268 seqq-

129 3278 261 3332 Clousulo
269 3277 397 3346 :fistulas
411 3280 526 3343 emptori
537 3296 709 3346 accessuras,
720 3283 852 3337 abundat.
865 3302 891 3334 n·
907 3293 951 3336 ιι.

130 3366 177 3415 An
193 3361 331 3424 abundet,
346 3373 493 3432 emptorem
511 3375 681 3418 ornamenta
691 3383 754 3419 cum
768 3385 839 3436 equo
852 3367 953 3423 instru-

164 3457 208 3498 cto
221 3447 360 3514 stipulari.
371 3463 397 3498 n.
414 3459 455 3499 ιι.

128 3530 222 3583 Claus.
238 3531 288 3581 nsit
300 3532 383 3584 otten
396 3547 454 3584 eras
475 3532 634 3602 'agelfist,
649 3532 781 3587 abundat.
792 3553 820 3587 n·
836 3546 876 3589 22.

129 3613 291 3668 Abundans
301 3613 471 3685 specificatio
483 3635 543 3668 non
557 3617 670 3686 derogat
681 3620 783 3689 generi.
793 3637 818 3672 ιι.
834 3631 875 3674 ιι.

133 3699 212 3764 Quae
229 3699 313 3752 tacite
327 3699 521 3768 excipiuntur,
539 3717 665 3767 eapresse
676 3703 770 3772 eacipi
786 3705 894 3758 cautela
907 3705 950 3760 ab.

170 3790 216 3832 etl.
236 3799 263 3834 n.
284 3795 327 3836 bb.

131 3865 180 3914 Aa
192 3879 396 3932 supervacuum
408 3863 445 3917 sit
451 3903 461 3930 ,
474 3877 504 3920 nt
517 3867 656 3921 olknotor
664 3869 856 3925 collocationis
866 3873 951 3928 sarci·

167 3963 233 4000 nom
246 3947 386 4002 retineat?
396 3965 422 4000 n.
438 3959 479 4000 22.

133 4027 289 4100 &pressio
301 4031 392 4100 pacti,
405 4031 478 4099 quod
487 4031 707 4104 subintelligitur,
720 4036 851 4092 abundat.
865 4059 893 4094 ιι.
907 4054 948 4096 ιι.

129 4113 248 4168 Cautela
261 4114 362 4167 obnud.
375 4124 416 4168 cst
425 4114 563 4184 stipulari,
576 4129 606 4190 at
616 4135 682 4175 soso
695 4121 801 4193 integra
811 4135 950 4194 praesten-

167 4207 221 4251 tur.
235 4217 266 4250 ιι.
281 4209 325 4250 ιι.

130 4281 250 4334 Calceos
272 4297 367 4335 emens
387 4299 424 4334 ea
443 4283 599 4339 abundanti
610 4287 775 4358 stipulatur,
794 4301 824 4346 ut
840 4293 953 4362 inempti

166 4365 238 4426 sint,
252 4365 279 4416 si
288 4365 404 4433 pedibus
416 4383 472 4420 non
484 4380 646 4436 congruant.
661 4389 688 4423 n.
701 4382 742 4425 ιι.

130 4447 247 4502 Cautelo
257 4449 362 4502 abund.
375 4460 415 4502 ιιι
426 4451 568 4506 clausula:
581 4463 610 4506 ut
622 4453 749 4510 uenditor
766 4469 872 4529 accepto
888 4483 948 4533 pre-

166 4533 205 4584 tia
219 4549 277 4584 rem
291 4533 395 4587 tradat.
406 4553 436 4587 n·
451 4544 493 4587 tt.

130 4613 242 4672 Cautelo
263 4618 366 4672 abund
378 4628 435 4683 est,
448 4629 478 4672 us
494 4629 603 4687 emptor
619 4637 735 4676 uacuam
750 4627 949 4693 possessionem

164 4698 318 4770 stipuletur.
331 4719 361 4752 ιι.
377 4710 418 4752 42.

78 4809 87 4832 .
130 4781 241 4836 canuto
268 4785 314 4838 ob·
338 4795 393 4852 ιιι,
416 4784 566 4857 pacificam
589 4787 791 4856 possessimem
813 4791 948 4864 stipulari.

166 4883 184 4915 ιι
216 4877 260 4920 ts.

128 4947 280 5018 stipulatio
295 4949 328 5004 de
340 4951 473 5005 nimicae
488 4956 656 5021 praestanda
669 4973 706 5010 ou
718 4959 852 5015 abundet?
861 4979 890 5016 ιι.
904 4973 947 5016 ιι.

129 5037 305 5102 tupemocua
316 5045 384 5090 eunt
398 5047 496 5104 poeta,
507 5054 580 5106 quoe
591 5055 653 5092 cum
662 5041 889 5102 substantialibus
895 5067 945 5119 pu·

161 5129 266 5187 gaunt,
285 5118 374 5173 ueluti
391 5139 425 5174 ne
439 5119 594 5175 dominium
607 5133 739 5180 transeat.
753 5147 781 5181 ιι.
796 5140 837 5183 ιι.

126 5201 220 5258 Cloat-
233 5204 268 5257 de
280 5220 404 5274 repressa
413 5220 471 5258 non
483 5205 614 5276 capienda
627 5225 800 5278 supervacuo
809 5225 891 5271 esta.
900 5229 943 5274 4ι.

126 5287 269 5343 Clausala:
284 5307 319 5343 ne
330 5289 398 5362 quid
407 5289 554 5345 evictionis
564 5293 677 5350 nomine
686 5309 846 5370 praestetur,
853 5319 943 5375 snper.

161 5390 256 5428 vacua
274 5385 323 5428 ιιι.
341 5391 369 5426 ιι.
390 5383 431 5427 42.

128 5455 313 5512 anennoeto
330 5452 462 5510 lanionis
479 5458 552 5513 ultra
570 5459 712 5518 dimidiam
723 5483 762 5520 on
776 5481 942 5537 supervacua

161 5537 218 5590 sit?
237 5557 266 5592 ιι.
287 5548 329 5591 ts.

132 5623 286 5708 Atnlp‘urota
301 5622 477 5678 renunciatio
485 5639 657 5708 ‘superuacuo
666 5631 725 5684 sit?
735 5655 762 5690 ιι.
778 5644 821 5696 ιι.
833 5655 904 5712 sopp.

134 5695 235 5752 boscus
248 5713 378 5750 nummus
389 5705 536 5765 opponetur
542 5701 640 5770 pretia.
653 5723 682 5760 ιι.
701 5717 743 5761 ιι.

250 5781 359 5852 apest
378 5780 440 5840 rot.
458 5780 518 5837 ιιι.

965 831 970 848 ⁴
1002 832 1093 885 Pacta
1108 832 1319 902 monopolorum
1332 845 1396 889 sunt
1406 852 1513 900 superer.
1526 848 1553 894 et
1564 841 1705 896 damnato.
1716 863 1744 898 ιι.
1754 857 1795 900 ιι.

1002 916 1306 986 imaginariarenditio
1321 919 1438 973 tutetur
1446 940 1496 988 pro
1508 939 1683 994 supervacua·
1696 945 1723 978 ιι.
1736 937 1778 981 ιι.

1000 1002 1118 1056 Cautelo
1129 1002 1228 1056 abund.
1240 1013 1281 1057 est
1292 1003 1428 1059 clausula:
1441 1015 1470 1060 ut
1478 1007 1594 1077 prelium
1606 1009 1634 1062 in
1649 1023 1758 1066 ιιιοιιιιιι
1771 1030 1814 1070 ιι·

1036 1097 1111 1153 cepta
1129 1087 1260 1140 salvatur.
1279 1103 1307 1141 ιι.
1327 1101 1370 1140 ιι.

1003 1173 1114 1225 Arrlsoe
1130 1172 1236 1226 dantur
1249 1189 1299 1240 pro
1318 1171 1425 1228 cautela
1444 1173 1560 1246 mojori,
1580 1185 1607 1230 ιι
1624 1196 1659 1232 ne
1674 1179 1812 1248 poenitere

1035 1253 1144 1322 impune
1161 1255 1249 1308 liceat.
1268 1273 1295 1306 ιι.
1315 1269 1359 1309 ιι.
1375 1271 1449 1325 seqq.

1006 1336 1174 1408 Weinkauffi
1190 1339 1249 1394 aad
1271 1336 1494 1412 Gottespfennig,
1513 1358 1551 1396 an
1566 1341 1671 1396 lrabeat
1690 1343 1743 1398 rim
1767 1361 1811 1398 ar·

1035 1421 1121 1476 rlsae?
1140 1441 1167 1474 ιι.
1186 1435 1228 1475 ιι.

1001 1509 1035 1560 ln
1054 1508 1073 1560 l.
1091 1509 1283 1564 commissario
1302 1509 1427 1565 abundat
1443 1510 1583 1566 claresula:
1601 1510 1758 1568 sinenditor
1769 1530 1813 1568 res

999 1592 1123 1647 venditos
1141 1592 1245 1648 senisse
1264 1594 1357 1645 nollet.
1375 1611 1403 1644 n.
1422 1605 1464 1646 ιι.

1002 1679 1161 1732 Abundans
1173 1675 1301 1748 emptoris
1311 1676 1493 1748 interpellatio
1500 1678 1519 1730 l.
1525 1678 1729 1734 commissoriae
1736 1697 1817 1748 prae·

1031 1763 1147 1832 judicat.
1161 1781 1190 1816 ιι.
1206 1775 1250 1816 ιι.
1405 1826 1410 1835 Ι

1000 1847 1125 1900 Alterius
1146 1863 1262 1915 persana
1280 1846 1309 1900 in
1327 1844 1461 1915 emptione
1480 1863 1655 1918 supervacuo
1679 1845 1816 1917 caprime-

1037 1931 1128 1986 batur·
1147 1949 1173 1984 n.
1194 1943 1236 1986 ιι.

999 2017 1113 2070 locatio
1131 2027 1157 2068 et
1174 2017 1317 2070 conductio
1336 2033 1467 2084 magnam
1474 2013 1703 2082 familiaritatem
1715 2015 1817 2071 notens

1014 2123 1016 2126 ·
1034 2115 1100 2152 curn
1116 2099 1254 2166 emptione
1273 2111 1299 2152 et
1317 2101 1482 2154 venditione·
1499 2118 1527 2152 n.
1549 2113 1591 2154 ιι.

1000 2182 1117 2238 Caerete
1131 2183 1231 2236 abund·
1249 2193 1304 2248 est,
1322 2184 1460 2252 stipulari:
1474 2202 1508 2238 ne
1519 2184 1670 2239 conductor
1681 2201 1737 2239 rem
1751 2203 1816 2254 cotsp

1036 2266 1146 2320 ductam
1163 2266 1325 2321 deteriorem
1336 2268 1439 2324 reddat.
1458 2285 1486 2321 n.
1507 2279 1548 2320 ιι.

1001 2353 1049 2406 iic
1065 2353 1173 2406 carnelo
1191 2351 1294 2406 abund.
1309 2363 1350 2405 est
1362 2371 1379 2404 a
1391 2351 1557 2408 conductore
1566 2353 1705 2424 stipulari,
1717 2369 1751 2407 ne
1762 2351 1818 2421 syl·

1036 2451 1104 2488 vom
1118 2437 1213 2500 cedat,
1224 2436 1333 2506 cingat,
1345 2437 1394 2488 uel
1405 2437 1510 2491 densat.
1523 2456 1550 2490 ιι.
1566 2451 1608 2490 ιι.

1000 2519 1117 2574 Cautela
1132 2519 1231 2573 abund.
1246 2530 1301 2585 est,
1315 2529 1345 2574 ιιι
1363 2522 1467 2574 locator
1483 2519 1645 2575 conductori
1650 2516 1720 2589 frui
1736 2521 1817 2576 licere

1032 2605 1183 2672 promittat.
1202 2621 1233 2656 n.
1252 2617 1296 2657 ιι.
1685 2608 1688 2616 ’

1001 2687 1116 2742 Cousela
1136 2687 1238 2740 abund.
1256 2698 1298 2740 ιιι
1315 2689 1452 2742 clausola:
1472 2687 1590 2742 locatori
1611 2686 1691 2742 licere
1714 2687 1816 2742 candu-

1034 2783 1136 2825 ctorem
1154 2772 1298 2840 pensiones
1314 2789 1372 2824 nan
1390 2771 1543 2825 solventem
1562 2771 1706 2842 erpellere.
1724 2790 1751 2823 n.
1773 2786 1815 2825 ιι.

1035 2856 1108 2908 idem
1126 2855 1155 2910 in
1176 2857 1353 2926 emphyteusi.
1371 2875 1399 2909 ιι.
1419 2869 1461 2910 ιι.

1001 2941 1119 2994 Caretela
1139 2941 1238 2994 abund.
1257 2951 1312 3006 est,
1329 2941 1475 3010 stipulari,
1494 2939 1627 3011 infundo
1645 2945 1750 2997 deserta
1767 2943 1816 2996 vel

1037 3041 1094 3076 nan
1113 3027 1222 3079 exculto
1247 3025 1371 3080 relocare
1395 3027 1567 3081 conductoris
1588 3030 1710 3099 periculo
1730 3039 1755 3082 et
1772 3029 1814 3082 in·

1037 3109 1180 3163 commodo
1200 3111 1289 3162 liceat.
1309 3127 1336 3161 ιι.
1357 3121 1399 3162 ιι.

1000 3192 1084 3246 Cant.
1099 3191 1201 3246 abund.
1215 3203 1262 3258 ιιι,
1275 3193 1402 3264 stipulari
1413 3195 1517 3248 lacrum
1530 3195 1716 3250 relocatiouis.
1730 3217 1757 3251 ιι.
1772 3209 1814 3251 ιι.

1003 3277 1051 3328 An
1075 3278 1215 3332 clausula:
1235 3278 1315 3332 saluo
1338 3277 1512 3332 conductoris
1531 3279 1595 3349 jure
1611 3279 1641 3333 in
1659 3281 1813 3336 venditione

1039 3363 1082 3413 rei
1099 3362 1207 3416 locatae
1226 3361 1366 3416 abundet?
1382 3379 1409 3412 n.
1429 3375 1471 3416 ιο.

1003 3446 1050 3496 An
1069 3444 1161 3499 oneris
1177 3445 1272 3500 aversi
1288 3445 1360 3500 actio
1378 3461 1482 3514 supera.
1493 3447 1531 3498 sit
1542 3447 1674 3502 adversus
1684 3460 1814 3517 nautam,

1038 3529 1087 3600 pai
1102 3531 1153 3584 uni
1169 3547 1205 3583 esc
1222 3527 1346 3598 pluribus
1353 3526 1534 3598 frumentum
1557 3532 1728 3600 reddiderat,
1746 3537 1818 3591 navi

1036 3612 1134 3667 deinde
1149 3623 1297 3683 perempta.
1316 3631 1344 3666 ιι.
1364 3623 1405 3665 ιι.

1001 3697 1190 3767 Emplryteusis
1205 3707 1350 3766 separatus
1366 3707 1530 3751 contractas.
1551 3717 1580 3750 ιι.
1600 3709 1641 3751 ιι.

1000 3781 1048 3832 An
1058 3779 1192 3849 scriptura
1203 3780 1240 3832 sis
1251 3779 1359 3834 cautela
1373 3779 1473 3834 abund.
1487 3781 1516 3833 in
1530 3785 1715 3853 emphyteusi?
1729 3806 1757 3840 n.
1772 3800 1813 3843 ιι.

1001 3865 1065 3917 Dua
1078 3863 1193 3917 oblotiri
1204 3881 1240 3916 an
1253 3863 1436 3918 conditionem
1451 3864 1595 3935 infirout?
1605 3887 1634 3921 n.
1648 3879 1690 3922 ιι.

1000 3947 1170 4017 liegulariter
1178 3947 1208 4000 in
1224 3948 1303 4001 omni
1317 3947 1496 4003 conuentione
1512 3951 1648 4021 scriptura
1666 3957 1815 4014 abundans

1035 4044 1076 4085 ιιι
1093 4032 1209 4086 cautela.
1228 4049 1255 4084 ιι.
1275 4043 1317 4084 ιι.

1002 4121 1049 4170 An
1063 4115 1184 4186 expulsio
1203 4117 1391 4188 emphyteutae
1401 4117 1490 4187 potius
1506 4136 1557 4186 per
1566 4120 1760 4193 judicemfieri
1769 4126 1815 4180 de·

1038 4197 1122 4253 teos?
1139 4216 1168 4250 ιι.
1189 4211 1231 4251 ιι.

1002 4285 1117 4338 Fratres
1134 4285 1323 4354 emphyteutae
1339 4287 1507 4340 successioni
1521 4289 1579 4359 eius
1595 4307 1760 4363 superuacuo
1773 4311 1816 4347 re·

1037 4367 1177 4420 nunciant.
1197 4387 1225 4420 n.
1246 4381 1286 4422 ιι.

999 4455 1033 4506 ln
1057 4451 1183 4522 generali
1205 4453 1337 4508 societate
1361 4455 1499 4522 expressio
1525 4457 1653 4525 specialis
1675 4461 1813 4518 abundat.

1037 4555 1064 4590 ιι.
1085 4547 1125 4589 lb.

1000 4625 1119 4676 Pactam
1131 4619 1165 4674 ele
1176 4620 1345 4692 aequalitate
1357 4622 1455 4678 domni
1465 4635 1491 4678 et
1502 4625 1573 4678 lucri
1584 4625 1715 4681 abundat.
1728 4647 1756 4682 n.
1771 4642 1813 4685 so·

1001 4709 1091 4761 Pacta
1109 4705 1225 4760 leonino
1241 4716 1306 4759 sunt
1321 4721 1500 4776 supervacuo.
1520 4728 1548 4760 n.
1568 4720 1610 4761 ιι.

1000 4795 1136 4855 Pactume
1155 4799 1186 4846 ιιι
1203 4791 1275 4845 alter
1289 4807 1402 4861 operas,
1421 4791 1494 4844 alter
1506 4795 1651 4861 pecuniam
1668 4795 1810 4868 confirm,

1034 4893 1070 4931 on
1087 4891 1287 4947 supervacuum
1305 4876 1367 4929 sit?
1384 4893 1411 4926 n.
1431 4885 1473 4928 ιι.

997 4961 1130 5014 Ριιιιιιιιι
1148 4970 1178 5014 ut
1193 4958 1341 5029 peccuniam
1359 4957 1514 5028 conserenti
1527 4976 1589 5014 sors
1605 4979 1711 5031 semper
1726 4967 1811 5022 salac

1033 5053 1059 5096 et
1070 5043 1174 5100 lucrum
1187 5061 1330 5099 commune
1344 5043 1393 5109 sit,
1411 5059 1611 5113 supervacuum
1629 5059 1676 5101 est.
1688 5067 1716 5100 ιι.
1731 5061 1773 5104 ιι.
1821 5071 1829 5084 .

997 5130 1128 5182 Pactum:
1147 5139 1177 5181 ιιι
1195 5128 1265 5183 alter
1279 5129 1385 5183 lucrum
1402 5139 1510 5183 tontum
1521 5130 1636 5201 sentiat,
1648 5149 1810 5204 supervacu-

1030 5233 1076 5271 um
1092 5225 1141 5270 est.
1159 5235 1187 5269 ιι.
1206 5225 1247 5268 ιι.

995 5299 1131 5353 Pactum:
1150 5309 1179 5354 ιιι
1194 5299 1339 5367 pecuniam
1362 5297 1506 5369 conserens
1530 5303 1635 5356 lacrum
1652 5305 1728 5362 solus
1745 5326 1807 5364 sen.

1028 5383 1094 5450 tiot,
1112 5402 1306 5453 superuacuum
1324 5395 1371 5440 est.
1391 5403 1419 5438 ιι.
1440 5399 1483 5440 ιι.

995 5469 1127 5520 Paetum:
1147 5467 1274 5540 utfinisa
1291 5471 1422 5524 societate
1439 5469 1463 5520 is
1479 5481 1576 5524 sortem
1592 5473 1749 5544 praecipiat,
1761 5477 1809 5542 aui

1030 5554 1106 5606 solus
1122 5553 1254 5618 contulit,
1273 5553 1405 5608 abundat.
1424 5573 1452 5606 n.
1473 5566 1514 5607 ιι.

993 5637 1128 5690 Pactum:
1149 5649 1179 5691 ut
1195 5639 1233 5692 od
1249 5655 1392 5692 commune
1410 5637 1528 5693 debiturn
1546 5651 1657 5713 uterque
1668 5653 1805 5711 tencatur,

1029 5721 1137 5777 cautela
1148 5723 1251 5778 abund·
1270 5733 1318 5778 ιιι.
1337 5741 1365 5776 ιι.
1387 5733 1429 5775 ιι.

1647 5823 1677 5866 10
