4338 6240
125 293 152 340 tt
192 295 260 340 otne-
274 296 315 339 11.
315 283 359 354 Ι
369 287 402 342 de
414 303 436 339 r.
450 287 466 342 ὶ
479 285 548 342 Nm
561 275 584 332 si
604 287 694 348 partes
706 288 832 351 poterunt
842 273 951 332 efficere
964 298 1014 350 per

190 380 315 444 paetum,
331 383 360 426 ut
377 373 469 442 sopire
485 374 606 426 1111111111
625 368 722 440 puriter
740 383 769 417 ac
787 362 931 431 originali,
948 374 1013 418 teste

191 459 325 513 blunuon.
344 459 378 514 de
396 459 518 514 Esnobar.
536 459 570 512 de
583 454 710 510 ratiocin.
729 467 792 518 cop.
810 459 848 502 to.
864 467 891 502 rr.
906 461 931 501 s.
943 450 1015 504 sicut

198 551 226 594 et
244 541 333 596 iacere
351 556 476 613 possunt,
495 553 525 596 nt
545 543 593 596 soli
615 533 814 592 admistratoris
831 533 905 586 dicto
921 535 1012 588 ereda-

193 637 253 688 tur,
274 627 402 682 Escobar.
420 629 447 681 d.
459 629 477 680 1.
490 647 519 682 n.
535 641 575 683 tn.
588 643 640 678 non
652 622 746 684 uiden,
760 633 841 689 quare
860 617 889 670 in
908 618 1015 673 bacillis

192 705 273 761 fissis
293 710 345 762 tale
361 721 468 781 pactum
487 709 674 776 rejiciendum·

128 795 157 842 ²⁰
237 791 387 848 Commode
412 793 456 846 bie
474 811 501 846 se
518 791 597 846 offert
616 783 775 842 discussioni
802 790 911 836 nostrae
933 799 1014 852 qnae-

196 875 269 939 stin‚·
287 895 321 930 an
340 879 455 932 rationes
475 879 601 932 tutelares
619 872 723 945 possint
742 884 789 939 per
808 867 916 919 bacillos
935 863 1014 918 fissos

130 971 157 1017 11
197 957 300 1012 reddi?
323 963 394 1014 lsus
416 961 577 1030 quaestionis
601 959 638 1010 ibi
665 971 694 1009 se
718 953 833 1013 esserit,
852 949 957 1018 quondo
981 948 1014 1002 de

195 1043 298 1096 rsrstinu
318 1053 364 1096 aut
387 1045 440 1098 alio
464 1045 604 1096 literarum
624 1036 751 1111 imperito
771 1035 803 1086 ad
824 1035 934 1086 tutelam
953 1051 1014 1103 pro·

193 1128 327 1182 ssosendn
343 1129 446 1198 agiturs
460 1129 508 1181 bos
525 1127 599 1180 enim
619 1135 717 1178 totores
736 1137 795 1174 esse
813 1133 904 1190 posse,
920 1118 942 1170 ai
958 1118 1014 1170 ine·

193 1211 303 1283 ptitudo
319 1210 592 1264 administrandorum
618 1207 787 1277 negotiorum
814 1204 884 1255 nulla
903 1217 1014 1255 onncur·

194 1305 251 1359 rat,
272 1311 307 1348 ex
325 1292 350 1366 fi
369 1307 392 1348 1.
411 1295 476 1348 iuss.
489 1296 521 1347 de
534 1309 628 1348 exsut.
642 1301 691 1345 1111.
709 1306 763 1342 nort
781 1286 893 1341 obscure
910 1285 1015 1354 colligi-

584 185 634 242 nu
650 183 812 244 trtTuntt
832 183 879 242 ET
896 184 1021 242 FORMA
1041 184 1270 244 {stetttntttttt
1289 188 1482 245 rtssouttut.

1777 185 1829 253 iii

1065 301 1166 335 merum
1187 283 1303 352 aliquem
1318 284 1357 337 rel
1371 282 1513 336 incidendo
1526 280 1566 335 sel
1579 278 1752 336 inscribendo
1762 281 1882 352 recipere

1066 365 1186 434 possint:
1201 367 1265 418 alibi
1286 381 1338 416 non
1359 376 1411 418 tam
1431 375 1491 418 suut
1511 365 1599 418 bacilli
1612 362 1685 429 lissi,
1697 383 1775 435 quum
1790 367 1882 420 bacilli

1065 449 1167 518 planati
1187 460 1214 500 et
1231 452 1263 501 ad
1277 453 1425 518 juncturam
1441 449 1604 518 reciprocam
1619 451 1777 520 praeparati.
1796 452 1885 504 luter·

1063 531 1126 584 dum
1146 535 1226 586 etium
1245 534 1273 586 in
1294 533 1382 585 medio
1400 533 1564 604 conspicitur
1582 533 1718 599 lurmnen,
1730 537 1771 587 eui
1792 532 1884 604 iuligi-

1064 629 1106 671 tur
1125 635 1204 688 prrm
1221 617 1348 686 qrmedam
1369 617 1482 684 festuca,
1495 636 1548 687 quo
1560 619 1597 671 ita
1616 615 1723 673 1111111111
1742 629 1884 692 partescu-

1064 701 1207 763 barreant,
1225 719 1286 765 nec,
1306 703 1369 754 dum
1389 702 1474 756 cultro
1491 702 1556 774 quid
1574 715 1728 768 annotatur,
1741 704 1811 758 trabi
1832 705 1883 757 bue

1063 784 1126 836 illuc
1144 785 1259 855 possint,
1272 797 1298 839 el
1310 803 1343 840 ex
1362 787 1493 858 inaequali
1512 805 1618 842 caesura
1638 790 1755 860 suspicio
1773 791 1883 845 oriatur.

1065 869 1152 921 Hisce
1171 871 1207 920 tn
1228 871 1372 936 consectis,
1396 890 1533 926 tarcessum
1550 883 1608 935 est,
1628 884 1657 927 111
1681 884 1792 944 utraque
1805 885 1881 946 purte
1919 895 1952 940 ιο

1064 963 1206 1022 praesente
1231 955 1307 1009 lateri
1333 958 1460 1010 exteriori
1493 958 1674 1020 inscribatur,
1699 961 1765 1027 quid
1790 961 1882 1012 bacilli
1945 1021 1947 1026 ¹

1063 1033 1122 1088 fissi
1135 1037 1277 1102 denotent,
1290 1057 1313 1092 e.
1327 1057 1352 1108 g.
1365 1040 1600 1105 dlrilrlenstnecke,
1612 1039 1883 1108 Sedogfferstcecke‚

1063 1119 1108 1170 nbi
1129 1131 1219 1190 postea
1240 1122 1306 1174 sulci
1327 1121 1366 1174 rel
1384 1121 1463 1189 lima,
1479 1123 1609 1176 ueletiam
1628 1123 1736 1176 crdtello
1755 1123 1883 1177 incidun-

1065 1212 1116 1255 tur.
1136 1205 1214 1275 Quod
1234 1206 1263 1258 in
1281 1208 1370 1278 specie
1391 1209 1538 1262 inculcatur
1556 1207 1585 1261 iu
1604 1211 1731 1281 desngrer
1750 1211 1886 1280 ordnung

1062 1287 1110 1339 der
1128 1288 1272 1342 Snuedeus
1279 1326 1288 1354 ,
1301 1291 1429 1343 Malrlens
1441 1291 1501 1344 ond
1511 1291 1709 1366 Eiuuelrmung
1726 1295 1775 1348 der
1787 1294 1884 1366 Scires-

195 1391 255 1444 mr,
274 1381 462 1450 quodclarius
481 1377 627 1432 exhibetur
644 1377 673 1428 in
697 1373 714 1426 l.
741 1386 765 1426 r.
782 1369 875 1440 §.sim
889 1367 933 1438 Ι.
951 1371 1014 1423 eod.
1052 1367 1562 1444 filsteuerinderdlnrggrqffsequfft
1573 1377 1883 1435 brandenannonos.

128 1475 158 1518 11
196 1468 299 1520 Verum
322 1481 381 1518 cum
400 1465 491 1518 omnis
511 1473 585 1516 tutor
602 1460 637 1515 ad
661 1458 780 1512 ruticnes
799 1453 947 1507 reddendas
965 1453 1013 1504 ub·

193 1553 292 1620 ligatus
309 1551 359 1615 sit,
378 1550 397 1600 1.
419 1561 440 1602 t.
458 1565 499 1616 pr.
508 1543 551 1615 Ι.
571 1545 604 1600 de
622 1554 670 1598 1111.
689 1553 716 1598 et
735 1550 789 1596 rot·
807 1540 883 1593 distr.
902 1535 1013 1606 rgsorm.

189 1636 270 1709 petie.
284 1635 407 1690 drusun
428 1645 504 1686 rsrr.
522 1631 565 1684 111.
584 1641 626 1683 ns.
646 1629 799 1690 dubitatur,
818 1625 951 1694 quomodo
972 1634 1013 1676 ru-

193 1729 236 1774 tor
255 1719 369 1772 nrstirus
385 1719 525 1770 literarum
538 1717 645 1784 ignarus
663 1713 767 1764 muueri
780 1709 878 1764 tutorin
892 1726 941 1778 per
951 1721 1014 1760 oon·

127 1828 157 1874 ῃ
195 1803 375 1870 signationem
396 1802 529 1853 rationum
555 1795 706 1852 satisfacere
730 1791 835 1867 possiti
854 1793 906 1845 Per
930 1791 1014 1844 alium

192 1904 381 1943 smannensern
409 1885 478 1940 forte
503 1885 532 1936 id
554 1880 615 1934 iieri
644 1897 736 1952 posse,
755 1895 835 1931 uerno
861 1875 1013 1944 negseerit,

193 1989 257 2026 narn
283 1982 311 2024 et
334 1971 362 2022 in
388 1967 538 2022 rationibus
561 1966 663 2034 eutgan
687 1961 792 2016 obtinet
815 1963 918 2030 regula:
942 1958 1013 2030 quod

192 2057 254 2127 quis
272 2071 321 2125 per
338 2054 421 2106 alium
441 2051 520 2114 lacit,
540 2049 599 2121 ipse
617 2047 715 2101 iecisse
733 2046 940 2115 intelligendus,
955 2061 1013 2116 urg.

193 2161 216 2196 e.
233 2141 323 2194 reda
342 2155 365 2191 r.
383 2139 403 2191 i.
421 2139 451 2191 irs
472 2150 497 2190 s.
516 2137 533 2188 l.
551 2135 578 2188 ri
593 2149 708 2188 servum
722 2144 764 2184 rt.
784 2139 806 2194 ς.
827 2124 1013 2200 5.Ι111111ᾳ.

128 2253 158 2298 gg
192 2225 303 2281 lnered.
318 2223 372 2276 Sed
392 2222 502 2284 borsix
516 2220 584 2272 leret
603 2217 721 2271 conditio
731 2213 840 2276 rustici,
855 2223 886 2264 ut
903 2213 1014 2282 sumpti-

193 2313 244 2368 bus
262 2308 345 2364 certis
368 2307 498 2360 norrdumt
520 2305 622 2363 alium,
642 2317 691 2372 per
712 2315 793 2368 quem
816 2295 935 2348 rationes
952 2309 1013 2346 cou-

191 2397 301 2451 ssribat.
314 2393 386 2444 lliuc
398 2390 550 2451 dubitatur,
559 2403 646 2440 annon
658 2401 706 2454 per
718 2381 826 2434 bacillos
838 2377 917 2432 lissos
930 2378 1012 2430 ratio·

192 2499 241 2536 nes
261 2479 374 2534 tutoriae
393 2474 498 2546 possint
516 2468 658 2543 expediri?
674 2465 786 2519 Videtur
799 2465 848 2517 boe
860 2460 1010 2531 negandum

190 2585 225 2622 ea
253 2565 323 2627 illis,
340 2577 407 2633 quae
433 2560 553 2630 superius
575 2555 701 2608 adducta.
728 2550 857 2620 Quamuis
880 2547 953 2600 enim
975 2545 1012 2597 ita

192 2649 357 2726 generaliter
374 2644 553 2716 quantitatem
568 2653 745 2710 expensarum
766 2633 908 2702 designare
925 2629 1013 2701 possit

192 2751 281 2802 tutor,
301 2735 329 2787 id
347 2745 433 2788 tamen
453 2730 486 2782 sd
507 2727 642 2780 rationum
662 2719 842 2778 redditionem
863 2733 915 2769 nou
934 2710 1012 2767 111111-

190 2827 258 2890 eiet,
271 2825 371 2894 quippe
389 2834 449 2872 cum
468 2823 561 2868 notum
581 2813 633 2877 sit,
647 2825 702 2868 non
717 2800 1013 2859 liberariudministra-

190 2907 329 2971 torem,si
349 2901 460 2956 conluse
476 2907 505 2951 et
524 2898 552 2948 in
572 2909 668 2966 genere
686 2909 715 2945 se
734 2899 835 2942 tuntum
855 2884 1013 2958 expendisse

188 2995 307 3057 referat,
325 2987 372 3042 sed
397 2981 555 3054 sigillatim,
573 2993 678 3050 quoquo
704 2986 825 3042 ternpore
849 2985 1014 3042 expensum,

1063 1453 1105 1504 bis
1126 1454 1228 1506 uerbis:
1246 1455 1340 1509 dolien
1360 1475 1411 1510 nus
1424 1458 1515 1526 jsdem
1542 1459 1645 1527 Dorffe
1669 1463 1882 1527 Kerdsroscker,

1063 1537 1120 1588 und
1139 1535 1286 1605 nuseium
1299 1537 1381 1607 jeder
1402 1541 1486 1595 Stock
1506 1542 1552 1596 der
1571 1543 1683 1598 Bunrers
1707 1547 1814 1598 Nolrme
1837 1565 1884 1618 ge·

1061 1619 1202 1674 rodriebeu
1216 1624 1320 1677 werden
1335 1635 1385 1676 eto.
1399 1629 1499 1680 Verum
1517 1625 1583 1696 quid
1603 1629 1763 1693 dicendum,
1776 1631 1797 1682 si
1819 1631 1882 1686 bure
1919 1649 1952 1692 an

1063 1703 1206 1774 inscriptio
1224 1707 1323 1760 omissa
1331 1745 1340 1774 ,
1354 1726 1422 1762 anne
1440 1722 1579 1781 propterea
1595 1713 1684 1765 bacilli
1698 1711 1757 1766 lissi
1772 1727 1833 1770 sunt
1848 1719 1884 1770 ui·

1065 1787 1149 1842 tiosi?
1163 1791 1221 1842 Hoc
1239 1796 1406 1862 negandum,
1418 1797 1480 1864 quis
1501 1797 1528 1848 in
1549 1797 1659 1868 privatis
1678 1800 1880 1872 instrumentis,

1062 1875 1211 1942 oujrrsmodi
1233 1877 1261 1930 hi
1288 1891 1363 1938 suut.
1382 1898 1433 1934 uon
1460 1883 1609 1951 requiritur
1633 1887 1759 1938 solemnis
1778 1887 1879 1956 lormag

1064 1976 1145 2027 quare
1163 1973 1190 2016 et
1207 1963 1276 2015 nibil
1297 1963 1392 2029 reiert,
1406 1967 1467 2020 lieet
1482 1967 1540 2021 dies
1553 1967 1593 2020 rel
1611 1985 1697 2022 annus
1715 1987 1767 2022 non
1787 1972 1882 2027 111111-
1919 1981 1949 2026 st

1064 2046 1181 2115 scriptus
1199 2047 1218 2098 l·
1233 2059 1273 2100 11.
1285 2045 1310 2120 fi.
1329 2061 1349 2101 1.
1353 2048 1396 2118 Ι
1408 2049 1524 2120 depigu.
1544 2054 1631 2106 Strur.
1650 2071 1694 2105 ere·
1716 2065 1756 2106 28.
1776 2057 1815 2108 111.
1836 2068 1878 2109 11.

1063 2130 1236 2199 praesertim,
1255 2133 1359 2203 quando
1384 2151 1417 2187 ex
1440 2136 1581 2206 utriusque
1605 2139 1690 2208 partis
1712 2137 1881 2197 noniessione

1063 2224 1180 2279 constat,
1199 2235 1252 2285 quo
1277 2213 1333 2272 fine
1350 2219 1378 2270 bi
1399 2219 1487 2272 bacilli
1506 2219 1634 2273 coniecti:
1647 2221 1695 2274 hro
1712 2223 1880 2280 consessione
1918 2227 1950 2271 ⁸²

1062 2315 1124 2351 cero
1142 2295 1298 2366 deficiente,
1312 2319 1361 2372 per
1379 2313 1460 2357 testes
1478 2304 1645 2373 probandum
1664 2305 1730 2371 erit,
1748 2309 1817 2376 quod
1831 2311 1881 2364 bu·

1062 2385 1104 2450 jus
1117 2385 1155 2437 rei
1170 2386 1279 2438 nomine
1296 2387 1407 2442 conlecti
1426 2387 1483 2440 sint
1502 2388 1605 2448 bacillis
1620 2407 1672 2442 nun
1687 2391 1758 2442 euim
1774 2391 1817 2445 bic
1830 2397 1880 2448 soli

1062 2469 1146 2520 actori
1167 2480 1252 2540 potest
1274 2471 1365 2525 baberi
1384 2468 1468 2537 lidos,
1487 2490 1547 2526 cum
1572 2469 1637 2524 finis
1655 2473 1766 2528 conlecti
1788 2477 1879 2530 bacilli

1063 2549 1179 2604 infacto
1202 2553 1344 2619 consistat,
1363 2555 1478 2626 ideoque
1499 2556 1622 2625 alleganti
1650 2555 1785 2612 incumbat
1811 2579 1878 2614 onus

1062 2637 1207 2706 probandi,
1223 2657 1284 2690 oum
1304 2638 1371 2692 iacta
1391 2657 1443 2692 non
1461 2649 1664 2710 praesumantur
1682 2640 1822 2696 11111111
1837 2655 1878 2698 11.

1065 2721 1088 2794 5.
1103 2721 1186 2793 litori.
1206 2736 1228 2776 1.
1237 2723 1280 2793 Ι.
1300 2724 1334 2779 de
1350 2725 1455 2795 captiv.
1475 2723 1584 2778 Cardin.
1602 2725 1700 2777 'suscb
1714 2738 1802 2795 procl.
1816 2748 1879 2782 con·

1062 2805 1332 2876 11111.11“1.Ι1·11111.
1354 2822 1394 2862 to.
1414 2809 1539 2862 Liberum
1559 2819 1646 2862 tamen
1666 2820 1706 2862 est
1725 2827 1757 2862 ex
1777 2813 1875 2868 bacillo
1914 2828 1945 2873 ts

1061 2887 1128 2943 lisso
1152 2892 1261 2960 ngeuti,
1289 2910 1336 2945 reo
1361 2891 1467 2946 deferre
1493 2894 1673 2960 iuramentum
1699 2911 1778 2964 super
1801 2915 1877 2952 carisa

1063 2974 1246 3028 coniectorum
1267 2974 1548 3046 lsncillorum,quippe
1567 2992 1625 3027 oum
1646 2977 1789 3044 juramenti
1808 2979 1879 3034 dela·

189 3093 213 3134 11
234 3081 358 3146 inquam
385 3087 457 3134 reru,
478 3081 626 3139 proponere
651 3059 743 3124 denen
762 3057 823 3111 lob.
853 3057 962 3107 Becser.
979 3054 1013 3106 de
1065 3055 1103 3108 tio
1123 3056 1151 3108 in
1169 3059 1296 3110 omuibus
1315 3059 1402 3111 causis
1421 3059 1545 3112 civilibus
1562 3059 1649 3112 locum
1669 3060 1779 3124 hubent,
1798 3065 1816 3116 l.
1836 3076 1878 3120 st.

189 3141 785 3220 11111111111111111111111.51111111ηυί1
804 3139 876 3192 euim
891 3137 955 3190 tales
967 3149 1013 3187 es·
1052 3136 1142 3206 ffide
1154 3140 1237 3210 jurei.
1256 3141 1309 3197 Sed
1329 3160 1361 3194 an
1381 3142 1425 3196 bic
1444 3145 1515 3196 locus
1533 3142 1585 3194 erit
1606 3144 1752 3208 iuramento
1771 3149 1878 3217 supple·
1915 3149 1948 3195 11

190 3263 291 3322 prusae
309 3251 398 3297 mutae
427 3247 455 3290 et
478 3235 565 3290 sirene
582 3228 713 3302 appellari
738 3227 839 3287 solent,
857 3221 1013 3292 Gryphian-

189 3333 248 3383 der.
266 3339 402 3382 neronom
431 3318 512 3388 legul.
525 3317 572 3368 111.
591 3311 616 3367 ’1.
634 3329 694 3382 eup.
714 3321 739 3362 sc
759 3327 787 3360 11.
809 3305 1012 3358 1151111111

191 3417 243 3468 lsoo
259 3413 374 3468 rationes
393 3406 421 3458 iu
442 3404 505 3456 lulle
529 3400 644 3462 offerre,
663 3413 728 3466 quse
747 3391 854 3464 phrasis
872 3389 1011 3459 desumpta

191 3503 226 3553 ab
243 3497 316 3560 illis,
328 3494 375 3563 qui
390 3487 527 3562 pecuniam
541 3486 569 3536 in
584 3479 718 3553 marsupio
727 3485 877 3539 ostentant,
889 3490 939 3525 nee
950 3489 1013 3541 qua·

189 3587 225 3640 lis
235 3591 387 3652 quantaque
398 3593 428 3628 es
446 3573 498 3636 sit,
510 3567 671 3629 ostendunt,
686 3561 781 3616 Aloiat.
795 3559 842 3612 tit.
857 3567 882 3608 1.
895 3553 929 3609 de
941 3555 1013 3651 ueri.

190 3671 262 3742 rign.
275 3683 302 3718 11.
317 3662 429 3715 t.'l'ales
446 3673 507 3712 uero
527 3654 648 3706 rutioues
666 3645 823 3715 regulariter
840 3658 894 3694 non
913 3639 1013 3692 admit·

189 3756 286 3812 tendas
305 3764 380 3813 esse,
400 3743 493 3816 probat
508 3737 644 3794 Francisn·
657 3729 828 3788 1111111111
845 3724 968 3798 Escolsar.
979 3723 1013 3778 de

190 3835 351 3896 rarissime
379 3841 419 3882 111.
433 3847 461 3881 rr.
477 3838 519 3878 ts.
537 3829 637 3879 Verum
657 3837 718 3874 cum
740 3814 835 3869 binde
855 3809 936 3866 tutela
955 3825 1013 3860 mo·

193 3924 250 3979 dici
271 3913 444 3993 patrimonii,
463 3920 494 3964 ul
511 3925 571 3962 curn
590 3909 649 3961 leto
674 3903 703 3956 in
722 3903 742 3954 1.
765 3912 806 3953 11.
823 3895 847 3969 ᾗ.
869 3906 910 3948 15.
920 3891 964 3990 Ι.
981 3893 1013 3946 de

190 4025 287 4066 sarus.
298 4013 348 4058 1111.
363 4003 470 4068 loquar,
488 3993 606 4064 quaestio
624 3991 676 4052 sit,
693 3985 740 4038 ubi
758 3983 823 4038 rarii
842 3995 947 4050 generis
965 3993 1012 4030 ea·

190 4107 291 4166 pensae
313 4097 471 4142 concurrere
496 4095 549 4132 nou
574 4075 674 4138 solent,
694 4063 874 4121 admittendas
894 4071 1013 4132 putarem

192 4177 309 4232 rationes
329 4173 356 4222 iu
375 4166 480 4221 bacillis
498 4159 571 4214 fissis
590 4157 738 4219 esbibitas,
753 4149 831 4204 modo
849 4163 902 4200 non
917 4145 1014 4196 tumul·

191 4259 282 4316 tuarie
301 4257 331 4307 in
350 4271 403 4306 uno
421 4248 518 4302 bacillo
537 4241 690 4311 euusignata
716 4239 771 4290 siut
794 4231 901 4297 omnia,
920 4229 966 4283 sed
985 4229 1014 4280 in

194 4342 347 4406 distinctis,
366 4355 416 4410 pru
433 4335 551 4406 ipsarum
569 4339 746 4398 expensurum
765 4319 899 4376 uarietate.

230 4429 310 4484 Nunc
336 4430 416 4476 restat
439 4420 520 4473 etiam
547 4413 581 4466 de
608 4410 692 4466 forma
713 4406 869 4460 bacillorum
889 4397 1014 4453 lissorum

195 4512 299 4584 aliquid
319 4509 423 4569 dicere,
442 4519 509 4573 quae
527 4511 580 4554 tum
600 4498 629 4549 in
648 4491 814 4549 coniectione
830 4504 909 4559 quam
929 4487 1015 4582 inaq-

193 4599 330 4656 notatione
347 4590 480 4645 consistit.
499 4581 687 4638 conficiuntur
705 4591 767 4630 sero
781 4575 831 4626 ita:
846 4570 955 4626 baculus
967 4569 1015 4620 alr·

1064 3224 1132 3276 torio
1149 3225 1181 3276 ad
1202 3226 1363 3294 probandam
1378 3243 1481 3279 carnum
1495 3227 1650 3279 bacillurum
1666 3225 1808 3282 fissorum?
1819 3232 1880 3286 Nou

1063 3319 1141 3379 puto,
1160 3311 1238 3377 longe
1255 3309 1329 3363 enim
1347 3309 1398 3362 alia
1416 3311 1537 3380 quaestio
1561 3319 1617 3375 est,
1637 3311 1660 3362 si
1684 3311 1716 3363 de
1740 3312 1831 3367 debito
1851 3316 1881 3370 iu

1063 3392 1167 3448 bacillis
1185 3391 1258 3446 fissis
1277 3403 1365 3448 notato
1383 3394 1548 3465 disputetur,
1566 3393 1599 3445 de
1617 3396 1692 3461 cujus
1709 3397 1817 3449 ueritate
1836 3396 1880 3450 di·

1061 3475 1165 3530 camin
1184 3495 1244 3544 rap.
1265 3480 1404 3548 sequeuti,·
1423 3497 1503 3548 quarn
1530 3478 1552 3529 si
1580 3477 1613 3531 de
1636 3496 1711 3532 cnusa
1732 3481 1761 3531 in
1782 3482 1878 3536 bacillo

1061 3555 1126 3612 lisso
1144 3579 1197 3615 nou
1215 3579 1356 3632 expressa,
1369 3563 1402 3614 ab
1420 3563 1502 3616 altera
1520 3577 1581 3614 sero
1599 3571 1676 3630 purte
1694 3573 1786 3630 negato
1800 3583 1877 3634 quae-

1064 3645 1118 3697 stio
1136 3655 1277 3698 moueatur.
1291 3646 1369 3698 tt'ibtt
1385 3647 1459 3699 euim
1475 3646 1519 3698 bin
1537 3644 1568 3696 111
1586 3659 1690 3698 seusam
1711 3647 1796 3699 debiti
1816 3668 1881 3718 pro·

1064 3726 1176 3780 bundam
1190 3730 1515 3797 ooucnrrit,juramentum
1528 3743 1589 3782 sero
1600 3730 1792 3799 suppletorium
1805 3751 1882 3801 prae·

1064 3815 1134 3868 rium
1152 3816 1267 3886 requirit
1285 3817 1470 3888 probationem
1489 3815 1676 3886 semiplenam.
1695 3818 1760 3870 bd.
1776 3819 1880 3875 llruun.

1063 3899 1092 3954 in
1105 3919 1179 3970 prue-
1192 3901 1245 3955 civ.
1259 3919 1281 3956 e.
1303 3913 1344 3956 11.
1365 3921 1393 3956 n.
1414 3913 1456 3954 11.
1475 3901 1553 3972 Quod
1573 3901 1596 3953 si
1616 3919 1678 3970 ergo
1697 3905 1738 3955 sel
1758 3921 1824 3958 uuus
1844 3917 1881 3962 te·
1919 3909 1950 3953 ⁸⁵

1065 3985 1129 4050 stis,
1148 3989 1190 4041 rel
1207 3989 1259 4040 alia
1278 3986 1348 4040 baud
1366 3986 1560 4040 contemnenda
1585 3985 1686 4040 iudicia
1711 4002 1881 4057 concurrant,

1064 4085 1130 4138 quae
1148 4071 1314 4141 probabilem
1333 4068 1414 4123 iidem
1435 4071 1547 4126 residant
1558 4087 1651 4124 causae
1661 4070 1694 4124 111
1706 4081 1794 4127 actore
1808 4091 1884 4145 prae-

1067 4163 1171 4221 tensre,
1195 4153 1228 4206 ad
1251 4157 1433 4225 juramentum
1460 4154 1528 4207 illud
1553 4154 1661 4208 admitti
1687 4167 1790 4227 posset,
1815 4159 1884 4214 illud

1065 4237 1138 4292 enirn
1158 4255 1211 4292 non
1225 4241 1318 4294 saltem
1338 4237 1361 4291 si
1380 4255 1448 4292 unus
1467 4238 1543 4292 testis
1561 4239 1716 4310 exceptione
1733 4243 1819 4308 major
1837 4241 1885 4294 ad-

1067 4323 1115 4390 sit,
1135 4323 1179 4377 sed
1199 4334 1227 4377 et
1245 4324 1268 4375 si
1289 4323 1388 4376 indicia
1409 4323 1478 4376 baud
1496 4324 1579 4388 leuia,
1598 4325 1643 4376 sed
1663 4323 1845 4377 concludentis
1859 4334 1887 4379 el

1065 4408 1294 4478 praesumptiones
1313 4409 1381 4476 luris
1398 4417 1567 4473 concurrunt,
1583 4407 1707 4462 obtinere
1725 4419 1825 4478 potest,
1839 4425 1887 4481 per

1066 4493 1158 4548 tradita
1173 4495 1265 4548 Merii.
1275 4505 1350 4564 part.
1366 4495 1450 4548 s.dec.
1469 4506 1525 4547 tts.
1537 4512 1695 4563 quemquam
1713 4494 1801 4548 nudae
1813 4513 1888 4567 prae-

1066 4578 1230 4649 sumptiones
1254 4577 1373 4632 huminis
1397 4595 1452 4633 non
1476 4576 1652 4644 sufficerent,
1669 4581 1740 4631 bles.
1760 4598 1787 4650 p.
1808 4593 1832 4632 5.
1857 4583 1887 4634 d.

192 4687 270 4756 quis,
287 4681 335 4750 qui
356 4663 488 4732 interdrim
508 4669 656 4723 naturalem
675 4678 751 4716 suam
776 4654 968 4753 rotunditatem
986 4653 1015 4749 in
1066 4673 1128 4714 ses.
1147 4663 1250 4716 Ultimo
1267 4663 1346 4717 etiam
1365 4664 1423 4717 loeo
1440 4663 1473 4715 sd
1492 4661 1605 4716 iormnm
1623 4663 1756 4733 pertinet,
1774 4659 1888 4733 quodn-
1925 4665 1957 4710 ts

192 4765 365 4839 longitudine
391 4759 505 4822 “lineis
532 4751 668 4806 ifllfflilm
693 4761 756 4803 1110
782 4744 893 4839 ΝΙ10111
911 4737 1016 4834 (11110111
1067 4757 1161 4817 traque
1179 4766 1239 4819 prrs
1257 4747 1400 4802 dimidiam
1420 4747 1505 4802 beerdi
1525 4751 1645 4819 recipere
1664 4748 1770 4812 debeat,
1788 4757 1816 4803 et
1834 4749 1886 4801 bon

192 4871 269 4910 rsnsa
288 4859 316 4903 et
333 4855 446 4914 utraque
464 4849 540 4911 parte
557 4832 734 4905 aeqrsabiliter
752 4829 931 4900 (abscissione
944 4837 1018 4892 1111111
1067 4834 1103 4888 nb
1122 4831 1365 4902 praesumptionem
1384 4830 1666 4903 l'raudis,quaequam
1686 4830 1815 4885 facillime
1834 4833 1891 4886 cri·

192 4942 262 4993 iacta
286 4943 345 4987 turn
364 4949 379 4982 a
397 4927 490 4979 dextre
510 4924 539 4976 iu
558 4921 696 4989 superiore
713 4926 739 4969 et
759 4913 871 4968 sinistra
890 4910 921 4962 in
947 4905 1016 4959 iule-

193 5025 265 5078 11011
286 5012 383 5092 parte)
402 5027 449 5082 per
470 5007 587 5062 medium
607 5001 739 5065 finditur,
755 5015 823 5069 quae
846 5005 938 5067 partes
957 4994 1015 5060 jun·

192 5119 252 5164 etae
269 5115 388 5166 reserem
404 5093 548 5152 ostendunt
564 5089 695 5164 figuram,
709 5087 746 5142 111
764 5095 795 5139 ut
812 5079 951 5139 commode
965 5097 1015 5134 nn·

1070 4917 1093 4971 ri
1115 4924 1218 4986 posset,
1238 4915 1260 4967 si
1280 4931 1413 4986 unapars
1439 4916 1570 4987 integrum
1595 4915 1724 4971 tactuum
1744 4918 1890 4982 retineret,

1073 5001 1101 5054 in
1120 5018 1172 5070 quo
1189 5017 1238 5070 pro
1256 4997 1345 5051 lubitu
1361 4999 1452 5052 debita
1470 5005 1630 5072 consignare
1654 5011 1754 5072 posset.
1773 5001 1807 5054 Et
1826 5011 1887 5054 tan·

1074 5095 1130 5140 tum
1150 5085 1183 5140 de
1199 5084 1294 5138 forna.
1314 5085 1449 5156 Sequitur.
1468 5103 1542 5143 nune
