4282 6274
427 274 497 334 ,ιιι
1041 267 1400 326 insertato.
1944 275 2007 340 uu

377 379 443 434 tear
467 366 612 460 ingenii,
637 367 825 462 judiciique
847 369 915 436 rim
940 369 1144 461 singularem
1166 392 1204 432 ac
1225 365 1393 432 solertiam
1414 369 1671 454 commendant,
1694 383 1729 437 et
1752 370 1887 438 utiliter
1901 393 2041 457 mrpn·
2109 429 2110 450 ,

376 469 448 524 tur:
472 460 516 524 ita
540 461 793 549 corruptionum
816 463 919 526 etiam
945 462 1014 538 sis,
1039 483 1106 550 qua
1132 459 1167 522 in
1194 456 1290 521 bellis
1313 459 1357 524 ob
1381 458 1553 546 publicam
1576 465 1730 528 omnium
1754 462 1895 528 salutem
1912 463 2040 524 recteia·
2109 459 2110 510 Ὗ

375 547 546 626 cedimus,
568 547 611 614 ad
638 550 805 616 victoriam
831 551 866 616 in
889 573 988 618 causa
1013 550 1232 640 quantumvis
1257 551 1436 636 justissima
1458 550 1695 628 obtinendam,
1725 551 1838 618 illaesa
1865 552 2036 616 conscient'a

376 639 517 732 grassari
543 638 658 722 licere,
685 661 752 706 non
776 641 895 707 adduci
921 665 1071 732 possum,
1096 651 1135 702 nt
1157 641 1302 704 credam.
1330 638 1484 706 llaaiaris
1507 639 1658 733 denique
1682 641 1840 711 laudibus
1862 643 1959 724 (nam
1981 641 2035 704 sels

376 751 446 820 qna
472 730 562 798 bisce
583 729 704 798 similia
731 733 888 820 persequi
915 755 975 798 nec
999 729 1159 819 temporis
1183 753 1242 794 nec
1266 729 1412 795 instituti
1446 733 1532 794 ratio
1565 735 1756 820 permittit)
1787 733 1945 798 eselaitur
1974 731 2041 797 isnt

376 819 525 888 bellandi
548 845 674 914 genus,
697 844 766 912 quo
790 821 875 888 hosti
899 823 973 890 sine
996 820 1066 884 ullo
1090 819 1216 910 praelio
1237 819 1329 885 clade
1354 820 1443 886 illata
1469 823 1642 890 victoriam
1672 836 1885 912 reportamus
1912 824 2041 888 incruen-

377 929 457 978 tam.
481 911 551 1000 Qui
578 911 697 978 modus
718 913 865 978 certandi
890 937 951 978 nac
976 911 1112 1001 judiciis
1135 911 1324 1002 inmguitns
1346 925 1418 988 est,
1468 914 1599 979 namsia
1621 915 1687 980 sub
1710 915 1772 979 alia
1796 915 2042 1003 specicsaseno·

376 997 429 1070 bis
453 1005 613 1070 insinuet:
636 1001 766 1093 quippe
789 1003 825 1068 in
850 1003 892 1068 iis
912 1026 1009 1092 saepe
1031 1003 1110 1096 quis
1131 1001 1204 1068 sino
1228 1001 1320 1067 laoste
1345 1000 1395 1066 rel
1419 935 1610 1070 adversario
1635 1006 1799 1088 tinnitum
1822 1002 1916 1094 qnod
1934 1007 2040 1068 contin·

376 1091 443 1184 gir,
465 1096 596 1185 quotics
619 1118 768 1170 μιιιςιιιωι
793 1093 1011 1184 procedimus.
1035 1095 1148 1180 Quem
1173 1089 1372 1182 procedendi
1396 1091 1536 1156 modum
1561 1107 1733 1185 tamquam
1760 1095 1873 1160 thema
1902 1098 2041 1160 tractatio·

377 1183 432 1249 nis
454 1208 531 1250 suae
553 1185 618 1252 sibi
645 1183 828 1250 vindicavit
852 1209 1006 1273 praesens
1028 1183 1214 1250 dissertatio
1239 1205 1308 1248 ntea
1334 1183 1562 1273 indagandis,
1586 1199 1619 1250 et
1643 1211 1731 1276 quac
1754 1209 1829 1252 earn
1856 1209 1926 1250 anos
1947 1185 2040 1250 subss-

377 1291 539 1364 quentur.
564 1275 605 1342 ln
630 1273 672 1340 iis
694 1275 722 1339 si
746 1297 833 1364 quae
855 1293 955 1340 erunt
969 1275 1011 1340 ad
1029 1274 1174 1364 palatum
1198 1284 1316 1356 tunm,
1340 1272 1374 1338 b.
1394 1272 1414 1338 i
1433 1277 1605 1340 materiem
1619 1274 1912 1368 mibigaudendi3
1932 1277 1976 1340 sin
1991 1278 2039 1342 ni·

378 1387 463 1446 nus,
487 1367 689 1434 occasionem
715 1363 777 1430 tibi
802 1365 907 1430 amice
932 1365 1108 1445 monendi,
1133 1363 1202 1442 rel,
1225 1365 1254 1428 si
1279 1363 1405 1442 masis,
1439 1363 1567 1453 placido
1597 1366 1806 1457 objurgandi
1844 1369 2036 1457 praebebant.

378 1451 564 1523 Benevolos
586 1455 675 1522 enirn
699 1455 929 1546 objurgatores
952 1473 986 1521 st
1009 1455 1095 1520 serre
1118 1452 1214 1519 lacilc
1238 1477 1387 1543 ροιιιιιιι,
1410 1469 1445 1520 et
1462 1453 1590 1542 placare
1604 1455 1729 1522 didici:
1745 1456 1906 1523 adsersus
1920 1459 2038 1524 maiero-

379 1541 428 1612 los
454 1570 530 1614 sero
553 1572 589 1615 ac
614 1547 745 1612 insidos
766 1545 1015 1626 obtrectatores,
1041 1548 1102 1636 qni
1126 1543 1269 1610 aliorum
1294 1545 1376 1610 lacta
1400 1544 1557 1636 dictaque
1582 1547 1717 1612 inimice
1734 1548 2037 1632 insensatorum

379 1639 481 1704 etiam
505 1651 616 1732 parata
639 1639 761 1721 babeo,
782 1659 847 1702 oea
868 1635 1006 1728 dignos,
1029 1636 1109 1728 qui,
1133 1659 1174 1700 es
1198 1637 1365 1701 sententia
1388 1635 1519 1720 Tullii,
1543 1637 1765 1728 repellantur.

1050 1841 1301 1911 CAPUT
1346 1841 1375 1910 Ι.

597 2043 808 2130 Processas,
825 2043 1061 2136 judiciarios,
1085 2039 1248 2109 exhibitis
1264 2041 1342 2131 ejus
1357 2038 1600 2127 naturalibus,
1624 2039 1848 2128 desonttnr,

1010 2166 1044 2216 et
1063 2151 1195 2241 partite
1214 2145 1436 2238 proponitur.

611 2348 636 2400 ri
656 2344 684 2400 U
698 2345 736 2398 ΙΙ
747 2344 786 2397 1!
796 2343 827 2399 A
846 2349 870 2400 tt
887 2347 950 2401 1A
1247 2341 1432 2412 mnaeqaitus,
1449 2343 1600 2398 orationem
1619 2343 1673 2414 ipsi
1694 2343 1854 2414 peculiarem
1873 2363 1920 2400 nee
1936 2347 1978 2400 alli
1993 2349 2044 2401 reli

1245 2444 1358 2496 quornm
1376 2428 1554 2480 animantium
1572 2447 1740 2482 communem
1762 2430 1874 2497 tribuit,
1888 2443 1914 2482 ιιι
1926 2433 1956 2485 sd
1973 2436 2042 2487 socie·

375 2517 468 2572 Homo
481 2513 520 2567 ad
528 2511 617 2568 vitam
631 2513 740 2567 civilem
754 2525 835 2582 aptus
847 2514 974 2567 conditas
985 2517 1066 2584 est.§
1085 2527 1109 2570 ι,
1248 2519 1328 2564 tatem
1347 2527 1409 2564 curn
1428 2513 1491 2564 aliis
1510 2515 1550 2564 sui
1569 2513 1676 2580 generis
1694 2515 1847 2580 colendam,
1866 2527 1889 2569 et
1907 2519 2003 2586 quiden
2023 2519 2044 2569 ei

373 2599 513 2654 Eamdem
526 2615 617 2669 quoqf
626 2609 687 2666 poss
698 2599 803 2662 tapsum
818 2597 898 2651 unice
909 2599 1053 2652 desideras,
1067 2603 1089 2666 ς
1106 2609 1128 2652 ι,
1144 2611 1168 2652 ι,
1246 2595 1465 2658 convenientem,
1484 2605 1554 2648 asset
1573 2596 1699 2657 idoneass
1720 2597 1862 2652 manifesto
1880 2611 1995 2669 apparet,
2006 2601 2044 2654 ho-

374 2685 422 2738 Ab
435 2704 469 2737 ea
482 2684 554 2736 enim
567 2699 657 2734 aeram
669 2683 723 2734 sttt
737 2683 930 2735 beatitudinem
941 2685 1082 2750 promittit.
1101 2683 1192 2736 Beati·
1247 2681 1347 2730 minem
1368 2696 1420 2731 ⁰⁰⁰
1439 2681 1525 2731 ”lum
1541 2698 1599 2734 διο
1625 2681 1856 2753 {minationem
1871 2684 2045 2740 sednaturart

410 2769 476 2822 trado
488 2767 517 2820 in
531 2766 641 2836 aequali
653 2767 787 2819 bonoram
800 2769 1051 2820 communicatione
1063 2767 1195 2822 consistit.
1247 2763 1300 2813 5¹¹ss
1318 2761 1385 2816 tim
1405 2761 1548 2826 mlfflti‘s
1563 2783 1624 2818 ⁰1¹¹ss
1637 2782 1666 2817 2⁴
1679 2767 1751 2816 nihil
1765 2784 1877 2836 unqmm
1894 2767 1984 2820 trustra
1994 2789 2045 2822 too·

411 2855 435 2919 ς.
455 2864 479 2906 ι.
500 2864 525 2906 et
545 2865 570 2903 t.
1248 2846 1352 2901 didisse
1370 2847 1503 2902 doccatur.
1522 2851 1581 2919 Qua
1600 2849 1735 2902 inferendi
1753 2848 1995 2925 demonstrandique
2010 2874 2044 2908 ra·

375 2937 768 2992 Adeameioitasseeundnm
780 2935 952 3003 primaevam
971 2937 1089 2992 otoendt
1110 2935 1195 2990 ratio·
1250 2931 1324 2986 tione
1340 2949 1402 2986 usus
1420 2941 1461 2986 est
1481 2933 1544 2999 ille,
1564 2953 1578 2986 a
1597 2952 1665 3005 quo,
1685 2945 1745 3004 post
1759 2937 1832 2991 illam
1846 2938 1951 2991 dirime
1966 2941 2044 2992 huna·

411 3041 474 3077 nens
488 3043 509 3076 o
515 3022 579 3090 p'nrs
590 3021 745 3074 ordinatur.
757 3019 783 3090 ᾖ.
795 3035 821 3074 s.
1246 3033 1347 3087 nanque
1366 3020 1516 3088 sapientise
1533 3019 1671 3088 abyssum,
1685 3020 1775 3073 tentes
1787 3023 1861 3091 qnasi
1875 3033 2046 3092 promanarunt

376 3109 456 3164 altaris
474 3107 623 3162 auctoritas
641 3107 701 3160 sine
720 3105 886 3174 iudiciorum
909 3115 1045 3176 potestate
1076 3103 1195 3161 elusoria
1245 3103 1336 3154 omnis
1352 3103 1491 3156 doctrinae
1507 3105 1614 3169 cisilis,
1633 3121 1666 3158 er
1692 3106 1788 3174 quibus
1821 3106 1944 3177 deinceps
1971 3112 2043 3162 sarias

409 3203 457 3248 m,
476 3195 498 3260 ς,
519 3205 545 3244 ι.
1247 3186 1459 3256 multiplicesque
1466 3189 1567 3240 rivulos
1581 3189 1609 3238 in
1618 3190 1749 3242 latissime
1763 3201 1881 3258 patentes
1895 3207 1967 3244 serae
1979 3193 2046 3246 istim

375 3282 410 3333 1n
419 3276 543 3346 jardieiis,
557 3286 587 3329 ut
595 3273 830 3346 iuscuipnssausn
840 3273 989 3340 tribuatur,
1004 3272 1112 3328 ordinis
1123 3271 1196 3326 ratio
1247 3289 1300 3323 non
1319 3272 1459 3324 simulatae
1473 3273 1661 3341 philosophiae
1678 3272 1774 3326 londos
1790 3274 1961 3328 faustissimis
1970 3276 2046 3330 ductos

408 3361 535 3416 habenda
547 3366 668 3422 sst.§.t.
1247 3353 1376 3423 auspiciis
1392 3356 1496 3423 passim
1521 3355 1764 3425 deprehendimus,
1791 3359 1943 3413 Aristoteles
1960 3361 2047 3428 potitis.

380 3447 483 3502 Varius
494 3446 521 3498 in
535 3443 570 3498 iis
583 3444 669 3496 orda:
683 3443 727 3514 (ι)
745 3441 951 3498 instantiarum.
964 3451 985 3508 ς.
1000 3455 1025 3494 ι.
1249 3449 1273 3489 t.
1294 3439 1366 3490 ilias
1384 3440 1457 3492 enirn
1475 3439 1596 3508 origines
1614 3455 1638 3494 et
1657 3439 1829 3496 fundamenta
1848 3459 1898 3497 nec
1928 3446 2048 3510 hahuisse,

373 3535 420 3604 (a)
434 3537 554 3587 Asterum
564 3529 753 3598 iudicialium.
768 3529 788 3596 ᾗ
806 3539 845 3582 to.
1247 3540 1295 3578 aec
1314 3527 1420 3578 novisse
1439 3527 1577 3595 plerosque
1594 3545 1703 3586 omuett
1729 3539 1856 3598 quotquot
1879 3532 1920 3584 sel
1945 3543 2047 3584 ιιιιιιιιι

377 3617 417 3688 (ι)
436 3613 672 3670 postulationum.
684 3620 706 3676 ς.
724 3625 765 3665 ιι.
1247 3611 1393 3680 Stsgyrites
1410 3621 1470 3663 ante
1489 3610 1625 3674 babuerit,
1646 3613 1687 3664 rel
1704 3615 1815 3666 asseclas
1840 3629 1929 3684 pastea
1955 3635 2046 3686 accepi.

376 3707 497 3756 Aetnam
511 3699 685 3770 judicialium
699 3699 824 3752 ordinem
838 3700 947 3752 eulsibet
956 3711 1106 3766 processus.
1126 3695 1198 3764 Ejus
1247 3695 1297 3758 rit;
1316 3705 1420 3748 cunctos
1440 3711 1499 3748 sero
1520 3713 1553 3749 et
1574 3696 1671 3766 priscis
1701 3698 1919 3768 philosophorum
1951 3699 2048 3753 lanitiis

410 3786 518 3840 indoles
530 3787 742 3840 demonstratur.
757 3785 797 3852 (r)
811 3783 906 3855 paranti
917 3781 1138 3836 constitutionem
1147 3796 1197 3848 per
1245 3781 1362 3832 saniores
1381 3781 1557 3852 sapientiores
1570 3782 1729 3849 judicaverit
1749 3784 1866 3836 studiosa
1880 3785 1935 3837 seri
1952 3786 2049 3856 posteri·

411 3869 583 3941 definitionis
596 3869 821 3934 evolationem
841 3879 881 3919 tt.
907 3877 946 3919 tt.
1249 3875 1300 3928 ιιις
1320 3865 1384 3919 aton
1404 3877 1507 3920 certum
1528 3877 1664 3940 putamus,
1686 3879 1715 3920 ut
1733 3867 1768 3920 iis
1786 3869 1976 3939 opinionibus,
1991 3889 2046 3942 qnae

375 3955 417 4028 (t)
434 3957 533 4026 Quoad
542 3953 684 4008 constituti
694 3968 835 4022 processus
848 3949 1076 4005 consecutionem.
1092 3947 1195 4000 Conse·
1246 3953 1318 4003 hisce
1335 3953 1517 4014 adversentur,
1536 3969 1594 4004 cram
1614 3953 1647 4003 cl.
1666 3951 1812 4022 Conringio
1830 3956 1891 4021 jure
1904 3957 1996 4008 merito
2010 3955 2050 4006 da·

410 4037 792 4115 puituroeroeumobligntio
813 4035 852 4088 ari
869 4033 1085 4089 observantiam.
1113 4032 1195 4084 Atto·
1246 4039 1382 4100 bitareris,
1401 4055 1464 4090 num
1484 4038 1548 4108 quid
1568 4039 1643 4091 valde
1662 4039 1742 4092 solidi
1763 4039 1791 4090 in
1811 4043 2049 4112 secontinerspas·

409 4126 474 4198 puin
487 4141 628 4196 processus
640 4132 680 4177 est
692 4123 798 4187 nullus,
812 4121 876 4174 inde
888 4121 1037 4176 remedium
1050 4116 1194 4172 nullitatis.
1246 4121 1309 4173 sint.
1327 4121 1373 4172 tit.
1392 4121 1424 4174 de
1441 4122 1512 4174 ciail.
1527 4121 1606 4186 prod.
1628 4134 1667 4177 tt.
1685 4119 1748 4188 inst
1761 4123 1858 4176 confer.
1873 4126 1990 4179 Franco
2005 4129 2046 4178 Vi·

412 4209 438 4282 ᾖ.
460 4219 500 4264 tt.
524 4219 563 4260 tt.
1245 4205 1330 4259 otoria
1349 4207 1437 4260 relect.
1459 4221 1482 4258 ι.
1501 4225 1530 4258 ιι.
1553 4217 1576 4257 ι.
1596 4205 1657 4261 lob.
1677 4205 1752 4258 lliirl.
1775 4209 1859 4264 lloru.
1881 4211 1914 4263 de
1932 4211 2049 4266 ciuitlil.

377 4297 417 4350 Et
428 4294 509 4348 hodie
522 4294 605 4348 stiam
617 4289 820 4363 appellationis,
834 4290 917 4346 etiam
930 4291 960 4344 in
973 4289 1065 4344 causis
1076 4287 1195 4358 appella·
1250 4303 1272 4344 ι.
1291 4309 1315 4344 c·
1337 4301 1361 4342 ι.
1378 4293 1401 4357 §.
1422 4303 1444 4343 s.
1465 4290 1579 4359 ziegler.
1599 4291 1627 4344 in
1646 4289 1724 4344 orot.
1741 4293 1776 4345 de
1789 4291 1809 4360 ι’.
1829 4291 1854 4344 t.
1874 4305 1900 4345 et
1915 4313 1943 4363 p.
1960 4296 1977 4346 t.
1998 4307 2017 4346 ι.
2028 4311 2046 4346 ι.

415 4379 521 4432 titilus.
540 4385 562 4440 ς.
586 4389 626 4430 ιι.
1249 4385 1271 4428 r.
1291 4381 1312 4438 ς.
1332 4383 1358 4425 ι.
1377 4391 1403 4441 p.
1428 4385 1488 4427 ιιι.

376 4463 499 4520 nattum
511 4473 602 4518 autern
613 4475 755 4530 processus
768 4477 825 4513 nan
835 4459 1030 4528 praesumitur.
1041 4466 1064 4522 §-
1082 4469 1123 4510 ιι.
1283 4465 1305 4520 ς.
1326 4467 1350 4510 ι.
1370 4459 1457 4510 liomo
1474 4457 1574 4528 quippe
1593 4458 1623 4510 in
1644 4458 1779 4528 primaevo
1807 4460 1971 4530 integritatis
1993 4473 2050 4514 statu
2112 4491 2113 4540 q

376 4547 497 4608 Nullitas
505 4564 645 4622 processus
658 4546 930 4619 adtingulosjadicii
941 4543 1194 4602 aaaseaouatru.
1248 4559 1293 4595 sna
1311 4551 1416 4611 sponte,
1436 4544 1506 4594 nulls
1526 4542 1647 4610 adigente
1673 4545 1840 4597 necessitate:
1873 4548 2003 4616 oppetita,
2027 4558 2052 4600 ιι
2112 4541 2113 4628 l

412 4644 435 4702 ς,
459 4649 498 4692 η,
1245 4639 1353 4693 ιοιιιιι,
1373 4629 1634 4698 complacentiaein
1654 4631 1732 4684 sitam
1764 4633 1887 4686 socislorn
1917 4636 2051 4686 tereietura
2112 4645 2113 4706 t

377 4724 441 4778 Non
454 4733 547 4776 tamen
558 4729 696 4791 temperet
707 4719 805 4790 nhipue
817 4712 1196 4787 ordoiudioioriussolsmais
1246 4713 1374 4785 adquam
1394 4715 1473 4768 etiam
1493 4732 1570 4784 quam
1590 4715 1742 4767 rectissime
1757 4727 1784 4768 et
1803 4719 1968 4772 sanctissime
1979 4722 2051 4770 coten-
2112 4725 2113 4756 ἐ

411 4807 605 4862 observandus
619 4815 666 4858 est.
680 4806 702 4870 §.
720 4817 760 4858 ιι.
1247 4796 1308 4850 dam
1321 4815 1396 4852 mans
1409 4799 1481 4851 illius
1495 4801 1563 4865 justa
1580 4809 1609 4852 et
1624 4798 1658 4852 ad
1677 4801 1819 4868 imaginem
1839 4804 1958 4858 «lisinam
1977 4804 2051 4876 peris·
2112 4829 2113 4870 1

379 4889 486 4945 Diuisio
498 4904 647 4960 processus.
659 4891 681 4954 §.
703 4900 744 4942 to.
1246 4893 1287 4935 ate
1305 4882 1452 4952 composita
1470 4882 1536 4948 juris
1555 4883 1610 4936 loco
1631 4885 1708 4936 unica
1727 4885 1779 4954 ipsi
1800 4889 1887 4954 regula
1907 4900 1976 4943 erat:
1988 4889 2049 4950 adeo,
2112 4913 2113 4946 3

378 4978 529 5030 Processas
539 4973 646 5044 proprie
659 4973 792 5028 dividitur
803 4970 1047 5047 (t)ineiviiemst
1065 4967 1195 5024 crimina·
1248 4977 1278 5019 nt
1294 4967 1396 5020 nemini
1416 4965 1449 5018 de
1466 4963 1566 5019 ciliciis
1591 4967 1765 5023 hrrnrauitntis
1795 4970 1895 5028 debitis
1915 4975 2051 5044 solaribus

416 5061 479 5116 tem.
495 5068 515 5124 ς,
531 5071 572 5115 ιι,
1247 5052 1379 5105 amicitiae
1398 5051 1527 5114 denegare
1544 5051 1622 5105 vellet
1638 5057 1795 5124 quicqusmt
1814 5059 1858 5110 ted
1880 5079 1915 5113 ex
1928 5073 2049 5114 concreata

380 5145 421 5214 (t)
440 5145 474 5198 1η
487 5143 659 5199 ordinarium
673 5155 699 5199 er
707 5144 898 5200 summarium.
910 5150 931 5206 ς,
948 5153 989 5195 ιι.
1005 5151 1047 5194 ιι.
1247 5137 1413 5208 aequalitatis
1423 5138 1509 5192 studio
1519 5137 1770 5222 aliisoeqneacsibi
1784 5162 1860 5214 quoru
1875 5149 1978 5218 optime
1988 5162 2051 5214 aupe-

381 5232 423 5302 (ι)
438 5233 475 5284 [η
488 5230 661 5286 hilaram
673 5239 699 5284 et
712 5229 946 5295 „atramentum
963 5237 1003 5283 ιι,
1249 5232 1291 5274 ret
1308 5220 1462 5292 laceretque.
1482 5225 1581 5276 Verum
1596 5234 1731 5293 postquam
1748 5245 1792 5294 per
1807 5227 1992 5299 deplorandam
2004 5247 2047 5299 pro

1248 5305 1420 5376 toplustorum
1440 5305 1540 5376 lapsum
1560 5305 1630 5358 idern
1650 5325 1710 5360 cnm
1736 5313 1817 5363 variis
1845 5313 1965 5366 miseriis
1987 5325 2050 5382 stqur

380 5411 401 5468 t.
425 5415 447 5455 t.
471 5346 716 5474 Quandoquidem
737 5403 808 5454 inter
826 5415 919 5453 «omnes
937 5407 1057 5464 constat,
1076 5393 1129 5450 sihi
1150 5393 1199 5448 soli
1237 5389 1447 5445 'calamitatibus
1465 5392 1493 5443 in
1512 5409 1624 5462 poenam
1644 5391 1800 5447 delictorum
1821 5397 2050 5450 ‹tu-totnstnun

378 5499 470 5542 ιιιιιιιιι
489 5509 545 5544 esse
563 5489 715 5554 neminem,
734 5486 780 5540 ssd
801 5497 830 5539 nt
847 5503 907 5539 cum
932 5483 994 5536 aliis
1020 5483 1050 5550 in
1076 5483 1199 5534 societate
1251 5479 1289 5529 sis
1307 5473 1456 5528 conflictari
1475 5477 1581 5546 coepits
1599 5486 1627 5529 et
1645 5493 1692 5546 per
1712 5477 1812 5548 ingenii
1833 5483 1873 5534 sot
1896 5481 2048 5536 inbecillita

265 5600 323 5619 ιι
380 5575 463 5628 strat:
481 5582 509 5626 et
527 5574 632 5644 sapiens
652 5571 750 5644 pariter
768 5589 798 5622 sc
815 5567 923 5641 provida
942 5581 1200 5638 rerumparensna-
1251 5569 1324 5624 tem,
1342 5577 1392 5629 qua
1412 5577 1501 5624 nunc,
1520 5577 1580 5613 anm
1600 5561 1683 5614 desita
1703 5564 1820 5617 absoluta
1841 5571 1938 5621 mentis
1956 5567 2044 5620 reain·
2112 5605 2113 5644 ,

394 5673 441 5710 ura
458 5655 517 5712 itlso
536 5658 668 5712 sationem
687 5655 806 5722 bomini,
826 5663 853 5708 et
876 5669 942 5725 quae
967 5651 1098 5707 rationem
1123 5647 1200 5702 unice
1251 5645 1315 5700 dios
1334 5647 1611 5716 laborat,secnudurn
1630 5650 1820 5704 estimem.
1843 5647 2047 5708 to.Couier.ds
2111 5645 2113 5680 ¹
