4282 6274
190 313 254 371 ..m
731 261 735 270 ι
794 305 1146 370 PRAEFATIO·
1697 329 1766 384 με,

133 415 317 509 posteritati
343 437 420 482 suae
443 429 476 480 et
498 431 643 479 securam
671 411 904 498 passessionem
930 433 1060 497 parares
1087 427 1311 499 partemquea
1331 409 1516 501 nrajoribus
1534 417 1670 509 gloriam
1688 453 1817 502 servare

133 527 167 574 et
190 508 231 574 ad
257 531 343 572 seros
368 507 589 571 transmittere
614 516 746 586 nepotes
769 499 880 564 studet
902 516 1057 589 aretque:
1088 504 1133 565 sic
1166 499 1282 564 eodem
1316 501 1420 569 seruac
1452 507 1487 570 in
1518 512 1654 598 judiciis
1689 525 1818 594 vivitur·

135 613 227 682 rotet
252 600 331 663 tlurn
357 599 501 686 quisque
527 617 584 684 per
608 591 769 678 legitimos
793 591 940 654 tramites
963 591 1240 655 calurnniantium
1268 588 1463 680 iniquitates
1486 623 1589 690 quam
1625 605 1817 700 longissime

161 690 338 779 ,opattam
364 703 395 749 aa
421 687 470 751 vel
494 710 571 750 snae
598 685 647 746 rel
672 681 799 744 alienae
823 679 1026 744 detensionis
1053 683 1181 746 viribus
1206 683 1293 769 lapsa
1319 685 1462 772 erigere,
1488 693 1620 759 ruinam
1653 703 1815 776 minantia

133 713 264 846 gamm
287 801 322 842 ac
346 799 516 866 reparare,
541 789 572 840 et
598 771 632 834 in
658 794 801 848 summa,
828 793 918 858 spem
947 770 1117 860 ritumque
1153 796 1188 836 ac
1223 789 1366 858 posteros
1399 781 1499 844 tutari
1534 788 1662 876 satagit.
1696 793 1817 885 Quid?

133 871 242 963 qnod.
266 867 291 932 si
319 887 384 930 nou
410 871 530 957 major,
553 881 639 932 certe
664 863 776 926 eadem
800 863 909 925 cantio
927 871 1028 948 atque
1047 859 1223 949 prudentia
1249 885 1332 950 opus
1349 881 1396 928 est
1413 866 1446 929 in
1465 872 1590 958 judicie
1616 879 1814 976 litigaturis,·

133 939 453 1053 qrrae'desideratur
478 959 511 1020 in
537 957 593 1036 iis,
617 954 675 1044 qui
701 954 769 1018 sire
795 951 919 1017 bellum
943 951 1148 1039 suscipiunt,
1173 951 1242 1016 sire
1271 967 1457 1042 susceptum
1491 969 1615 1052 gesturi
1653 973 1813 1060 l'eliciter,

133 1054 234 1118 aciem
261 1051 454 1124 instruunt,
479 1059 512 1110 et
538 1049 570 1110 in
597 1045 808 1110 certissimam
833 1065 922 1132 spem
949 1043 1103 1106 victoriae
1120 1041 1285 1132 explicant
1300 1043 1486 1137 phalanges.
1504 1051 1544 1118 ln
1562 1059 1691 1128 eosdem
1709 1072 1815 1162 quip.

132 1165 174 1233 pe
198 1139 347 1229 scapulos
372 1138 556 1226 impingere
582 1145 718 1226 possunt
743 1133 894 1221 utrique,
920 1132 982 1196 nisi
1008 1131 1156 1198 adhibita
1184 1137 1327 1200 utaxima
1351 1135 1647 1230 circumspectione
1670 1175 1706 1222 ec
1722 1161 1816 1228 solli.

132 1229 284 1298 citudiue
309 1230 471 1290 vitentur.
496 1227 643 1305 Odium,
670 1221 811 1297 insidia.
830 1222 1058 1289 malevolentia
1075 1247 1175 1312 quom
1193 1225 1382 1313 saepissime
1400 1226 1587 1300 luminibus
1606 1249 1724 1313 mentis
1742 1267 1808 1320 tana

131 1323 165 1390 in
192 1323 261 1386 l'oro
284 1341 385 1408 qnam
413 1320 446 1380 in
471 1319 581 1382 castris
604 1316 775 1404 agentium
799 1314 970 1380 obstruere
993 1313 1114 1398 satana,
1140 1339 1204 1404 quo
1229 1341 1263 1380 ea
1287 1315 1497 1388 consulentes
1529 1331 1714 1419 percipiant
1750 1347 1812 1407 mi-

131 1433 211 1491 nns,
235 1433 321 1499 quae
347 1408 450 1497 palam
468 1409 703 1488 obversantur,
728 1419 760 1470 et
783 1403 817 1466 iu
842 1408 972 1492 aprico,
998 1404 1130 1470 lucente
1155 1407 1338 1470 meridiano
1370 1407 1451 1490 sole,
1484 1419 1676 1488 caecutiant.
1712 1429 1811 1498 Haud

133 1519 255 1568 terame
277 1495 543 1564 descendendum
562 1497 596 1560 in
621 1499 784 1560 martium
809 1494 908 1560 istum
935 1518 1088 1580 ceramum
1113 1519 1198 1580 esse3
1223 1492 1396 1586 verbisque
1421 1501 1516 1588 prius
1538 1515 1812 1608 experiundum3

130 1613 233 1684 quarn
259 1588 299 1655 ad
323 1611 425 1654 carme
453 1587 715 1676 preparandurn,
737 1584 954 1671 politicorum
981 1585 1052 1674 fitia·
1089 1585 1346 1673 prudentissime
1380 1609 1515 1656 mearent
1546 1619 1672 1668 omnes:
1711 1608 1812 1681 itastis

130 1683 208 1748 item
236 1695 386 1745 naturam
411 1701 447 1742 ac
472 1689 613 1742 mentera
638 1701 744 1767 aeque
768 1699 803 1740 ac
827 1677 877 1742 sui
904 1676 1009 1764 ipsius
1032 1699 1126 1741 nosse
1149 1695 1320 1766 oportere,
1344 1681 1622 1837 nasseingeuium
1641 1697 1811 1767 ministro.

129 1797 206 1839 rum
231 1775 321 1860 ejus,
347 1791 437 1832 nosse
462 1790 569 1832 mores
593 1790 628 1832 ac
652 1771 801 1831 animum
828 1769 960 1856 populi3
985 1767 1069 1856 quid
1093 1768 1128 1830 in
1155 1768 1317 1858 regimine
1342 1782 1428 1836 recte
1452 1794 1491 1834 re
1527 1799 1617 1846 secus
1649 1809 1718 1854 sese
1751 1791 1813 1858 lra-

129 1859 338 1952 beat3·qnid
363 1857 528 1936 validum,
554 1857 637 1947 qnid
663 1879 817 1948 aegrum3
841 1869 966 1947 quanta
993 1859 1064 1934 sui,
1098 1874 1221 1946 quarata
1248 1859 1350 1924 hostis
1381 1859 1470 1950 apud
1495 1883 1622 1938 exteras
1646 1873 1809 1954 habeatur

128 1955 230 2038 ratio3
250 1963 374 2041 quanta
402 1949 434 2013 iu
460 1947 552 2014 sociis
575 1948 738 2013 amicitiae
762 1946 857 2012 fides:
873 1946 966 2021 lraec,
985 1949 1142 2038 inquam,
1160 1972 1252 2014 nosse
1268 1951 1379 2018 uinaria
1396 1951 1517 2019 debere
1534 1979 1630 2043 eum,
1646 1969 1699 2033 cui
1722 1971 1810 2042 hello

129 2042 268 2108 alterum
295 2052 406 2129 petere
429 2051 590 2104 statutum
615 2050 664 2104 est
680 2061 715 2103 ac
731 2036 908 2104 decretum.
934 2035 1106 2104 Praeterea
1130 2053 1308 2128 autequam
1334 2041 1502 2132 expeditio
1525 2054 1725 2142 suscipiatur
1739 2061 1810 2130 bel.

126 2132 209 2212 lica,
233 2130 347 2197 sedulo
375 2128 519 2195 curanda
546 2141 645 2220 atque
693 2127 810 2194 aranda
837 2151 903 2192 esse
926 2129 1059 2208 cannia,
1084 2152 1171 2216 quae
1189 2132 1239 2196 rel
1258 2133 1316 2221 ipsi
1338 2135 1506 2222 prolicere,
1525 2141 1574 2206 rel
1591 2148 1704 2214 obesse
1722 2150 1809 2224 lrosti

127 2234 251 2314 queant
276 2243 438 2310 unquam:
463 2243 506 2285 ne
531 2219 581 2284 lris
605 2153 779 2308 neglectis,
806 2215 897 2283 brevi
924 2221 1081 2306 temporis
1106 2221 1213 2310 spatio
1238 2223 1402 2310 perditum
1421 2238 1590 2320 eat,quae
1606 2235 1808 2336 indeusque

127 2337 143 2378 a
163 2312 315 2404 plurimis
338 2315 449 2390 annis,
474 2311 638 2374 immenso
662 2309 793 2389 labere,
818 2309 924 2373 multo
947 2311 1124 2399 sanguine,
1149 2335 1265 2402 magna
1291 2337 1427 2406 quoqne
1450 2316 1552 2406 gloria
1578 2323 1702 2394 suerint
1719 2357 1809 2402 conr.

126 2415 251 2494 parata.
276 2400 315 2467 ln
343 2401 427 2465 sires
453 2401 574 2489 pariter
597 2413 722 2464 nostras
746 2411 778 2462 et
804 2399 959 2486 justitiam
984 2424 1098 2467 causae
1122 2402 1214 2490 prius
1239 2403 1411 2492 inquirere
1435 2417 1606 2494 tenemur,
1630 2442 1731 2507 quam
1752 2425 1806 2490 in.

124 2491 311 2590 gradiamur
334 2509 496 2555 certamen
523 2489 607 2554 illud
633 2489 773 2555 forense.
799 2487 845 2552 Et
869 2489 896 2554 si
921 2515 1021 2580 quern
1040 2515 1057 2556 a
1076 2492 1260 2558 tenteritatc
1284 2494 1437 2582 litigandi
1456 2495 1490 2562 in
1508 2501 1805 2590 judiciisstudium

125 2583 213 2674 pacis
229 2581 445 2666 domesticae,
471 2579 670 2671 laudataque
694 2579 848 2664 cogitatio
872 2581 1055 2654 verecunda
1080 2605 1215 2667 eorum,
1241 2585 1298 2675 qui
1318 2585 1389 2650 lites
1404 2603 1619 2678 execrantur,
1643 2623 1708 2668 non
1727 2629 1806 2672 avo.
1878 2615 1884 2624 “

124 2684 190 2740 cet.
217 2695 340 2762 poenae
364 2670 479 2736 saltem
505 2671 687 2736 temerariis
711 2669 778 2735 illis
802 2693 818 2733 a
846 2668 879 2734 ll.
905 2669 1074 2759 impositae
1100 2672 1282 2739 absterrere
1306 2674 1445 2760 deberat,
1471 2693 1565 2748 testes
1589 2694 1740 2760 acerrimi
1767 2695 1807 2761 il-

125 2761 190 2830 lius
213 2776 246 2827 et
271 2761 444 2851 justissimi
469 2759 558 2843 odii,
584 2761 619 2826 in
644 2784 712 2850 quo
737 2759 790 2826 isti
815 2777 895 2826 sunt
918 2759 1015 2828 bonis
1038 2764 1211 2828 omnibus:
1236 2765 1417 2836 absterrere
1432 2768 1555 2838 debent
1573 2781 1661 2846 varia
1681 2785 1807 2854 incom-

125 2851 237 2932 moda,
261 2851 460 2942 quibuscum
484 2849 739 2934 conflictantur,
764 2855 957 2941 iacturaque
982 2851 1027 2915 rei
1054 2853 1243 2936 familiaris,
1266 2881 1367 2946 qnam
1392 2863 1587 2952 patiuntur3
1610 2872 1670 2960 qui
1690 2899 1806 2946 vesana

123 2943 302 3010 altercandi
330 2941 471 3006 libidine
494 2941 675 3030 agitantur.
695 2941 886 3030 Diligenter
910 2943 1187 3032 perpendendum
1210 2959 1281 3028 est,
1305 2973 1416 3016 annon
1443 2953 1560 3021 melius
1583 2959 1640 3045 sit,
1664 2973 1805 3059 sumpti.

122 3033 186 3100 bus
208 3057 242 3100 se
267 3031 424 3098 inanibus
448 3052 514 3096 non
541 3054 678 3110 vexare,
703 3056 777 3098 cum
801 3030 976 3096 obtinendi
1000 3055 1088 3122 spem
1115 3034 1234 3102 habeas
1257 3039 1397 3108 nullam.
1422 3040 1493 3132 Qui
1518 3069 1610 3116 secus
1631 3069 1754 3142 agunt,
1770 3075 1804 3127 et

122 3117 365 3189 inconsiderate
389 3118 528 3210 quaeris
552 3122 729 3188 leviuscula
755 3121 880 3214 jurgia,
903 3145 970 3186 non
995 3121 1107 3190 habita
1131 3127 1257 3192 ratione
1281 3153 1436 3220 personae
1452 3133 1646 3224 adversarii,
1663 3144 1698 3212 in
1715 3150 1804 3236 judi.

121 3213 170 3280 cia
196 3211 416 3302 protrudunt,
440 3209 527 3276 nilril
549 3211 641 3276 aliud
666 3213 810 3290 faciunt,
835 3233 936 3302 quam
961 3228 998 3277 ut
1022 3237 1138 3300 parem
1163 3239 1257 3306 saepe
1282 3220 1385 3286 relata
1412 3221 1493 3291 facie
1518 3225 1804 3308 irritentcrubro·

119 3327 201 3386 ηας
227 3324 371 3392 quorum
395 3301 521 3390 spicula
547 3324 612 3366 non
637 3315 715 3368 aute
740 3303 951 3384 sentiuntur,
975 3325 1076 3392 quam
1102 3303 1206 3371 laesus
1229 3311 1306 3398 quis
1327 3311 1406 3378 inde
1422 3313 1535 3384 suerit.
1553 3317 1803 3414 Congruentius

123 3412 184 3478 est,
208 3393 374 3486 hyberum
399 3415 497 3457 suum
523 3392 679 3482 privatim
704 3394 902 3471 convenire,
925 3417 1070 3482 cumque
1094 3416 1133 3459 eo
1156 3395 1243 3462 intra
1267 3397 1462 3470 domesticos
1486 3409 1627 3495 parietes
1642 3437 1751 3506 agere3
1768 3443 1802 3490 ct

144 3483 293 3549 lisceutes
317 3482 392 3548 lites
417 3484 453 3547 in
478 3483 565 3568 ipsa,
589 3479 682 3572 quod
706 3481 849 3564 dicitnr,
874 3481 976 3548 lrcrba
1001 3483 1103 3550 amica
1128 3487 1364 3576 compositione
1392 3495 1600 3585 extinguere.
1636 3503 1741 3573 Porro
1764 3511 1802 3580 in

120 3506 218 3640 bellis
242 3573 424 3664 plurimum
450 3572 571 3655 rel'ert,
595 3574 649 3638 cui
674 3573 813 3662 imperia
838 3571 1054 3658 mandentur,
1077 3598 1178 3663 quern
1203 3579 1361 3644 exercitui
1386 3607 1581 3675 praeponas:
1604 3617 1681 3659 cum
1715 3605 1800 3673 tanti

120 3683 292 3730 censeatur
315 3663 490 3744 exercitus,
514 3665 631 3754 quanti
655 3668 730 3753 ejus
755 3664 944 3752 imperator.
967 3661 1046 3728 Pari
1071 3667 1200 3732 ratione
1223 3667 1334 3734 litium
1358 3688 1498 3741 eventus
1516 3675 1557 3742 alr
1574 3680 1720 3771 illerum,
1738 3695 1799 3782 qni

122 3777 175 3819 eas
198 3755 388 3836 instruunt,
412 3752 607 3818 dexteritate
632 3752 772 3858 peudet3
797 3763 829 3817 et
853 3775 948 3842 saepe
972 3775 1067 3818 causa
1091 3755 1135 3820 ob
1160 3757 1333 3846 prudentis
1357 3766 1485 3832 co‘nsilii
1513 3764 1660 3862 bonique
1690 3799 1801 3868 patro.

121 3843 201 3908 cinii
227 3845 369 3934 inopiam
395 3843 552 3908 damnum
578 3861 715 3934 petatur.
741 3842 781 3907 lu
806 3843 1018 3934 expeditione
1042 3843 1157 3911 bellica
1173 3861 1366 3938 occupatum
1385 3857 1528 3924 maxime
1545 3859 1714 3934 intentum
1733 3895 1800 3942 csse

121 3951 265 4022 oportet,
288 3935 558 4024 occasionumque
582 3934 669 4001 lraud
695 3956 845 4024 segnem,
869 3957 911 4000 ne
935 3933 1087 4000 fortunae
1111 3959 1190 4002 suae
1213 3938 1356 4008 defuisse
1379 3944 1524 4028 dicatur,
1550 3951 1603 4018 vel
1619 3959 1799 4054 quicquam

121 4022 342 4127 negligentiae
366 4025 489 4114 ipsius.
512 4025 704 4092 oscitantiae
728 4035 830 4113 atquc
852 4025 1019 4090 securitati
1043 4024 1201 4115 imputari
1226 4031 1338 4120 possit.
1363 4033 1456 4104 Idem
1485 4039 1585 4106 etiarn
1619 4053 1799 4122 convenire

120 4109 320 4204 litigaturis,
343 4135 458 4180 omues
481 4113 648 4200 latentur,
672 4125 837 4205 quotquot
862 4127 1007 4198 norunt,
1032 4115 1250 4207 uigilantibus
1268 4125 1338 4210 jura
1356 4149 1423 4193 esse
1438 4128 1575 4218 scripta,
1591 4155 1628 4202 ac
1643 4137 1797 4212 fatalium

162 4203 332 4270 riodorum
358 4203 451 4293 lapsu
476 4205 604 4274 aditum
628 4206 671 4272 ad
695 4203 894 4296 judiciorum
918 4205 1014 4296 adyta
1040 4207 1219 4296 praecludi.
1251 4211 1421 4305 Nusquam
1454 4219 1593 4304 minus,
1627 4253 1727 4320 quarn
1759 4233 1795 4302 in

116 4227 205 4360 bitte
230 4306 366 4362 eventus
389 4294 603 4382 respondere,
627 4295 833 4386 experientia
857 4294 1024 4388 loquitur:
1047 4297 1127 4364 lrinc
1150 4321 1248 4368 uerno
1270 4306 1433 4374 confidere
1456 4309 1587 4380 viribus
1602 4321 1671 4386 suis
1686 4345 1722 4388 ac
1739 4346 1798 4414 po·

117 4385 240 4452 tentiae
265 4403 388 4450 temere
412 4383 530 4472 debet3
555 4387 673 4453 veleb
696 4385 824 4452 felicem
847 4407 1029 4452 successum
1055 4405 1113 4452 aut
1135 4414 1214 4457 suae
1238 4417 1435 4486 magnopere
1461 4401 1580 4472 virtuti
1612 4409 1794 4502 quicquam

117 4475 285 4554 tribuere,
309 4485 368 4542 eut
391 4473 515 4540 hostem
538 4476 716 4567 despicere.
741 4473 808 4541 Sed
832 4498 891 4542 nec
915 4477 951 4541 iu
977 4477 1108 4566 judiciis
1125 4504 1176 4546 res
1192 4481 1305 4548 eodem
1320 4511 1448 4578 semper
1471 4491 1508 4557 itt
1531 4493 1602 4563 loco
1616 4513 1716 4588 sunt3
1732 4527 1796 4570 an.

101 4589 194 4654 ,ceps
218 4590 354 4656 quoque
378 4587 493 4630 eorum
517 4567 606 4647 alea,
629 4592 665 4633 ac
688 4565 844 4656 ambigua
869 4565 933 4632 sata
957 4591 1127 4634 catumeum
1144 4589 1234 4638 suut.
1253 4573 1378 4644 ldcirco
1402 4603 1518 4668 parum
1537 4587 1710 4672 prudentis
1724 4605 1792 4680 est,·

113 4655 238 4722 dubiae
262 4657 329 4723 litis
352 4675 509 4722 eventum
534 4658 575 4722 ad
599 4670 672 4723 rota
696 4679 753 4722 sua
778 4667 912 4744 aptare3
936 4657 1100 4748 aridaque
1123 4683 1179 4750 spe
1196 4677 1228 4728 et
1244 4667 1431 4756 anticipatis
1446 4672 1580 4762 gaudiis
1596 4677 1718 4746 incerta
1738 4681 1795 4748 su·

115 4747 184 4812 turi
209 4764 377 4838 tamqnam
401 4759 469 4811 rata
494 4747 660 4836 accipere,
684 4759 718 4811 et
741 4745 786 4810 sic
810 4747 954 4834 praecoci
972 4747 1094 4813 laetitia
1110 4751 1259 4820 animum
1279 4754 1456 4845 judicantis
1472 4762 1615 4831 irritare.
1632 4767 1698 4835 Nec
1713 4794 1796 4838 cou-

114 4837 287 4926 temptim,
310 4835 365 4903 sed
390 4853 579 4904 reverenter
601 4834 794 4903 habendum
818 4859 887 4902 esse
909 4836 1151 4919 adversarium,
1176 4847 1436 5002 necquicquam
1459 4853 1697 4926 existimationi
1719 4865 1794 4954 ejus

110 4925 374 5006 detrahendum,
397 4925 513 4994 docere
537 4951 594 4994 nos
619 4944 743 5016 potest,
761 4927 878 5014 partim
897 4927 1053 4992 infamiae
1076 4950 1199 5019 poena,
1221 4959 1286 5026 qua
1303 4961 1337 5002 ca
1353 4939 1417 5006 arni
1434 4955 1535 5034 atque
1552 4945 1686 5041 linguae
1702 4975 1792 5022 coer·

112 5035 206 5084 cetur
229 5017 423 5106 procacitas3
449 5019 568 5108 partim
593 5017 741 5108 proditae
763 5015 808 5082 ob
830 5013 986 5082 delictum
1003 5015 1238 5088 irreverentiae
1255 5027 1407 5096 actiones.
1432 5031 1473 5098 lu
1500 5034 1596 5103 bellis
1614 5042 1722 5108 variae
1739 5058 1791 5110 et·

111 5107 177 5172 iam
210 5107 414 5174 adlribentur
446 5126 529 5175 artes
552 5107 593 5173 ad
617 5103 944 5172 circumveniendum
967 5106 1090 5173 hostem
1116 5131 1151 5174 ac
1175 5115 1409 5184 evertendum:
1434 5121 1491 5188 alii
1525 5122 1621 5193 dolus
1650 5143 1789 5202 struunt

112 5196 331 5286 multiplices,
355 5197 483 5288 quibus
508 5198 594 5263 idem
616 5197 780 5285 capiatur:
804 5195 860 5260 elii
887 5217 971 5299 norq
993 5218 1161 5265 armorum
1185 5225 1325 5294 genera,
1350 5209 1531 5302 priscisque
1555 5217 1674 5285 seculis
1698 5223 1791 5290 inco-

109 5289 201 5380 gnita
228 5288 446 5354 iustrumenta
471 5289 513 5355 ad
534 5285 791 5378 opprimendum
816 5285 1133 5353 commimscuntur:
1157 5291 1230 5374 alii,
1255 5319 1328 5361 cum
1343 5299 1478 5388 quidvis
1495 5303 1530 5370 iu
1547 5303 1671 5374 hostem
1690 5311 1790 5382 licere

107 5375 265 5456 credant,
290 5377 396 5443 missis
419 5377 686 5470 corruptoribus,
711 5376 763 5442 rel
790 5376 926 5457 milites,
951 5375 1003 5440 rel
1027 5377 1196 5448 ministros
1219 5389 1291 5474 ejus
1303 5387 1344 5454 ad
1358 5392 1541 5460 exuendam
1567 5396 1664 5464 fidem
1681 5425 1788 5472 eruer-

107 5486 236 5532 cantur.
263 5465 391 5534 Eodem
414 5469 512 5534 modo
537 5466 658 5534 milites
682 5467 783 5532 nostri
808 5467 908 5558 togati
933 5487 999 5530 non
1023 5491 1151 5558 semper
1167 5491 1279 5562 aperto
1296 5491 1399 5546 marte
1416 5503 1586 5574 pugnaut3
1603 5487 1661 5555 sed
1677 5517 1715 5558 ex
1733 5518 1788 5560 oc·

107 5558 199 5624 culto
222 5581 317 5650 saepe
341 5575 373 5623 et
398 5583 455 5648 per
479 5555 652 5626 cuniculos
677 5559 861 5636 variarum,
886 5579 967 5646 quas
992 5569 1107 5623 roeaart
1130 5583 1243 5628 earum
1277 5567 1465 5654 architecti,
1499 5579 1700 5648 cautelarum
1740 5597 1789 5650 te-

104 5650 335 5742 clrnarumque
351 5649 433 5715 alter
448 5649 586 5716 alterum
613 5647 812 5738 impeditum
833 5665 865 5714 et
881 5645 1091 5736 inopinatum
1113 5648 1274 5721 adoritur:
1292 5681 1380 5748 quae
1396 5662 1447 5728 uti
1463 5671 1607 5738 auctoris
1631 5675 1787 5768 sagacita-

301 5773 406 5845 strytr'r'
427 5775 562 5830 Vel-111.
1527 5809 1558 5850 aa
